=LDR  01172 tm a22003493u 4500
=001  005345541
=003  Uk
=005  20091205230600.0
=008  900313s1859\\\\tu\\\\\|\\\\\||||\||ota\|
=019  2\$aomsx00019
=040  \\$aUk$cUk
=260  \\$aTurkey,$c1275 [1859]
=300  \\$a1f :$billum.
=336  \\$atext$2rdacontent
=337  \\$aunmediated$2rdamedia
=338  \\$avolume$2rdacarrier
=500  \\$aA berāt in the name of Sultan ʿAbdülmecīd I, accepting Major Andrew Cathcart as British Consul for the Province of Albania including Epirus and Scodra.
=546  \\$aOttoman Turkish.
=561  \\$aFound in OC, Jan. 1986.
=600  14$aCathcart, Andrew,$cMajor.
=651  \0$aOttoman Empire$xPolitics and government$y19th century$xSources.
=700  0\$aAbdülmecīd$bI,$cOttoman Sultan.
=852  41$aBritish Library$bOC$jOr.14301
=955  \\$a62.f$bSS
=CAT  \\$aCONV$b00$c20040502$lBLL01$h1056
=CAT  \\$aglobal_upd$b40$c20060416$lBLL01$h2035
=CAT  \\$aBATCH$b00$c20091205$lBLL01$h2306
=FIN  \\$aY
=FMT  \\$a  BK
=LAS  \\$aBATCH$b00$c20091205$lBLL01$h2306
=LEO  \\$aMP27.0000001117
=SRC  \\$aIOC01$bbibmp27.200404.2.aa

=LDR  01132 am a22003973u 4500
=001  005999916
=003  Uk
=005  20121031172800.0
=008  \\\\\\||||||||||||\\\\||\\\\\1||\||eng\\
=019  a\$aG01161667
=040  \\$aUk$cUk
=260  \\$bHoneywell,$c[n.d.]
=336  \\$atext$2rdacontent
=337  \\$aunmediated$2rdamedia
=338  \\$avolume$2rdacarrier
=590  \\$aCONF INFO ONLY. Cancelled 14/4/89. Not Available
=653  \\$aONR
=653  \\$aHoneywell
=710  2\$aObóz Narodowo-Radykalny.
=710  2\$aHoneywell.
=976  \\$ap
=979  \\$aMN
=980  \\$aCard
=CAT  \\$aCONV$b00$c20040502$lBLL01$h1125
=CAT  \\$aglobal_upd$b40$c20060416$lBLL01$h2235
=CAT  \\$aBATCH-UPD$b40$c20070305$lBLL01$h1813
=CAT  \\$aBATCH-UPD$b40$c20080615$lBLL01$h2011
=CAT  \\$aBATCH$b00$c20091206$lBLL01$h0335
=CAT  \\$aWR12-140$c20121031$lBLL01$h1728
=CNF  \\$d(1984 Oct :$cMinneapolis, MN)
=FIN  \\$aY
=FMT  \\$a  BK
=LAS  \\$aWR12-140$b00$c20121031$lBLL01$h1728
=LEO  \\$aMP8.0000581439
=SRC  \\$aDSC01$bbibmp8.200404.2.aa
=STA  \\$aSUPPRESSED$bNegative Record

=LDR  00898 am a22003253u 4500
=001  006105441
=003  Uk
=005  20121031173100.0
=008  040420||||||||||||\\\\||\\\\\000\|||||\\
=019  a\$aG01667926
=040  \\$aUk$cUk
=100  0\$aKonoki, ?.
=260  \\$aLibrary of Congress? 1957?.
=336  \\$atext$2rdacontent
=337  \\$aunmediated$2rdamedia
=338  \\$avolume$2rdacarrier
=490  0\$aTT 66-13419
=966  \\$uc$lSPACQ
=979  \\$aMN
=CAT  \\$aCONV$b00$c20040502$lBLL01$h1129
=CAT  \\$aglobal_upd$b40$c20060416$lBLL01$h2309
=CAT  \\$aBATCH$b00$c20091206$lBLL01$h0416
=CAT  \\$aBATCH$b00$c20091214$lBLL01$h0024
=CAT  \\$aWR12-140$c20121031$lBLL01$h1731
=FIN  \\$aY
=FMT  \\$a  BK
=LAS  \\$aWR12-140$b00$c20121031$lBLL01$h1731
=LEO  \\$aMP8.0000809174
=SRC  \\$aDSC01$bbibmp8.200404.2.ab
=STA  \\$aSUPPRESSED$bNegative Record

