=LDR  00901 am a22003253u 4500
=001  006105565
=003  Uk
=005  20121031173100.0
=008  040420||||||||||||\\\\||\\\\\000\|||||\\
=019  a\$aG01668453
=040  \\$aUk$cUk
=100  0\$aUda, K et al.
=260  \\$aLibrary of Congress? 1961?.
=336  \\$atext$2rdacontent
=337  \\$aunmediated$2rdamedia
=338  \\$avolume$2rdacarrier
=490  0\$aTT 65-10093
=966  \\$uc$lSPACQ
=979  \\$aMN
=CAT  \\$aCONV$b00$c20040502$lBLL01$h1129
=CAT  \\$aglobal_upd$b40$c20060416$lBLL01$h2309
=CAT  \\$aBATCH$b00$c20091206$lBLL01$h0416
=CAT  \\$aBATCH$b00$c20091214$lBLL01$h0024
=CAT  \\$aWR12-140$c20121031$lBLL01$h1731
=FIN  \\$aY
=FMT  \\$a  BK
=LAS  \\$aWR12-140$b00$c20121031$lBLL01$h1731
=LEO  \\$aMP8.0000809392
=SRC  \\$aDSC01$bbibmp8.200404.2.ab
=STA  \\$aSUPPRESSED$bNegative Record

=LDR  00914 am a22003133u 4500
=001  006105578
=003  Uk
=005  20121031173100.0
=008  040420||||||||||||\\\\||\\\\\000\|||||\\
=019  a\$aG01668480
=040  \\$aUk$cUk
=260  \\$aThe case for safe routes to school, 1986.
=336  \\$atext$2rdacontent
=337  \\$aunmediated$2rdamedia
=338  \\$avolume$2rdacarrier
=710  2\$aFriends of the earth road safety alert.
=966  \\$uc$lACQUIS
=979  \\$aMN
=CAT  \\$aCONV$b00$c20040502$lBLL01$h1129
=CAT  \\$aglobal_upd$b40$c20060416$lBLL01$h2309
=CAT  \\$aBATCH$b00$c20091206$lBLL01$h0416
=CAT  \\$aBATCH$b00$c20091214$lBLL01$h0024
=CAT  \\$aWR12-140$c20121031$lBLL01$h1731
=FIN  \\$aY
=FMT  \\$a  BK
=LAS  \\$aWR12-140$b00$c20121031$lBLL01$h1731
=LEO  \\$aMP8.0000809413
=SRC  \\$aDSC01$bbibmp8.200404.2.ab
=STA  \\$aSUPPRESSED$bNegative Record

=LDR  00929 am a22003133u 4500
=001  006135146
=003  Uk
=005  20121031173300.0
=008  040420||||||||||||\\\\||\\\\\000\|||||\\
=019  a\$aG01813760
=040  \\$aUk$cUk
=260  \\$aEIS, Brussels, Belgium, Europe Information Service (EIS), 1991.
=336  \\$atext$2rdacontent
=337  \\$aunmediated$2rdamedia
=338  \\$avolume$2rdacarrier
=710  2\$aEurope Information Service (EIS)
=966  \\$uc$lACQUIS
=979  \\$aMN
=CAT  \\$aCONV$b00$c20040502$lBLL01$h1130
=CAT  \\$aglobal_upd$b40$c20060416$lBLL01$h2321
=CAT  \\$aBATCH$b00$c20091206$lBLL01$h0427
=CAT  \\$aBATCH$b00$c20091214$lBLL01$h0045
=CAT  \\$aWR12-140$c20121031$lBLL01$h1733
=FIN  \\$aY
=FMT  \\$a  BK
=LAS  \\$aWR12-140$b00$c20121031$lBLL01$h1733
=LEO  \\$aMP8.0000869139
=SRC  \\$aDSC01$bbibmp8.200404.2.ab
=STA  \\$aSUPPRESSED$bNegative Record

=LDR  01066cam a22003493u 4500
=001  006191857
=003  Uk
=005  20220225182954.0
=008  040420||||||||||||\\\\||\\\\\000\||eng\\
=019  g\$aadv0100040829
=019  a\$aG02081562
=040  \\$aUk$cUk
=260  \\$aDOT, 1992,.
=336  \\$atext$2rdacontent
=337  \\$aunmediated$2rdamedia
=338  \\$avolume$2rdacarrier
=490  0\$aEnergy Management issue 34
=883  0\$aLanguage codes assigned by Bayesian analysis of words present in record$d20201028$qUk$c0.9010
=966  \\$uc$lSPACQ
=979  \\$aMN
=CAT  \\$aCONV$b00$c20040502$lBLL01$h1132
=CAT  \\$aglobal_upd$b40$c20060416$lBLL01$h2342
=CAT  \\$aBATCH$b00$c20091206$lBLL01$h0453
=CAT  \\$aBATCH$b00$c20091214$lBLL01$h0123
=CAT  \\$aWR12-140$c20121031$lBLL01$h1737
=CAT  \\$aW2201-1476$b00$c20220225$lBLL01$h1829
=FIN  \\$aY
=FMT  \\$a  BK
=LAS  \\$aW2201-1476$b00$c20220225$lBLL01$h1829
=LEO  \\$aMP8.0000974402
=SRC  \\$aDSC01$bbibmp8.200404.2.ab
=STA  \\$aSUPPRESSED$bNegative Record

