=LDR  01239 am a22003733u 4500
=001  006221347
=003  Uk
=005  20190614183144.0
=008  040420|1993\\\\|||\\\\||\\\\\000\||eng\\
=019  g\$aadv0100198449
=019  a\$aG02213662
=040  \\$aUk$cUk
=100  0\$aNicholson, A.
=110  0\$aComputers in Teaching initiative/ Centre for Accounting, Finance and Management.
=250  \\$aSource Book :CBL for business education.
=260  \\$aNorwich :$bUniversity of East Anglia,$c1993.
=336  \\$atext$2rdacontent
=337  \\$aunmediated$2rdamedia
=338  \\$avolume$2rdacarrier
=883  0\$aLanguage codes assigned by Bayesian analysis of words present in record$d20181024$qUk$c0.997
=966  \\$uc$lSPACQ
=979  \\$aMN
=CAT  \\$aCONV$b00$c20040502$lBLL01$h1132
=CAT  \\$aglobal_upd$b40$c20060416$lBLL01$h2353
=CAT  \\$aBATCH$b00$c20091206$lBLL01$h0508
=CAT  \\$aBATCH$b00$c20091214$lBLL01$h0142
=CAT  \\$aWR12-140$c20121031$lBLL01$h1738
=CAT  \\$aW1903-1550$b00$c20190614$lBLL01$h1831
=FIN  \\$aY
=FMT  \\$a  BK
=LAS  \\$aW1903-1550$b00$c20190614$lBLL01$h1831
=LEO  \\$aMP8.0001029049
=SRC  \\$aDSC01$bbibmp8.200404.2.ab
=STA  \\$aSUPPRESSED$bNegative Record

=LDR  01139 am a22003613u 4500
=001  006225849
=003  Uk
=005  20190614183144.0
=008  040420|1993\\\\|||\\\\||\\\\\000\||eng\\
=019  g\$aadv0100243142
=019  a\$aG02227185
=040  \\$aUk$cUk
=250  \\$aInternational fuzzy systems association congress Seoul 1993 procs.
=260  \\$aYokohama :$bIFSA,$c1993.
=336  \\$atext$2rdacontent
=337  \\$aunmediated$2rdamedia
=338  \\$avolume$2rdacarrier
=883  0\$aLanguage codes assigned by Bayesian analysis of words present in record$d20181024$qUk$c0.997
=966  \\$uc$lSPACQ
=979  \\$aMN
=980  \\$aCard
=CAT  \\$aCONV$b00$c20040502$lBLL01$h1133
=CAT  \\$aglobal_upd$b40$c20060416$lBLL01$h2355
=CAT  \\$aBATCH$b00$c20091206$lBLL01$h0510
=CAT  \\$aBATCH$b00$c20091214$lBLL01$h0145
=CAT  \\$aWR12-140$c20121031$lBLL01$h1739
=CAT  \\$aW1903-1550$b00$c20190614$lBLL01$h1831
=FIN  \\$aY
=FMT  \\$a  BK
=LAS  \\$aW1903-1550$b00$c20190614$lBLL01$h1831
=LEO  \\$aMP8.0001037405
=SRC  \\$aDSC01$bbibmp8.200404.2.ab
=STA  \\$aSUPPRESSED$bNegative Record

=LDR  01162cam a22003733u 4500
=001  006226122
=003  Uk
=005  20220225183027.0
=008  040420|1991\\\\|||\\\\||\\\\\000\||eng\\
=019  g\$aadv0100244599
=019  a\$aG02228638
=040  \\$aUk$cUk
=260  \\$bScholastic Publications,$c1991.
=336  \\$atext$2rdacontent
=337  \\$aunmediated$2rdamedia
=338  \\$avolume$2rdacarrier
=490  0\$aPerspectives
=598  \\$aNumber 18, October 1991
=883  0\$aLanguage codes assigned by Bayesian analysis of words present in record$d20201028$qUk$c0.9010
=966  \\$uc$lACQUIS
=979  \\$aMN
=CAT  \\$aCONV$b00$c20040502$lBLL01$h1133
=CAT  \\$aglobal_upd$b40$c20060416$lBLL01$h2355
=CAT  \\$aBATCH$b00$c20091206$lBLL01$h0510
=CAT  \\$aBATCH$b00$c20091214$lBLL01$h0145
=CAT  \\$aBATCH$b00$c20100103$lBLL01$h1051
=CAT  \\$aWR12-140$c20121031$lBLL01$h1739
=CAT  \\$aW2201-1476$b00$c20220225$lBLL01$h1830
=FIN  \\$aY
=FMT  \\$a  BK
=LAS  \\$aW2201-1476$b00$c20220225$lBLL01$h1830
=LEO  \\$aMP8.0001037912
=SRC  \\$aDSC01$bbibmp8.200404.2.ab
=STA  \\$aSUPPRESSED$bNegative Record

