=LDR  01166 am a22003853u 4500
=001  006235123
=003  Uk
=005  20190614183145.0
=008  040420|1986\\\\|||\\\\||\\\\\000\||ger\\
=019  g\$aadv0100338089
=019  a\$aG02255268
=020  \\$a3437110101
=040  \\$aUk$cUk
=100  0\$aHippius, H.
=250  \\$aDas placebp-problem.
=260  \\$aStuttgart :$bGustav Fisher Verlag,$c1986.
=336  \\$atext$2rdacontent
=337  \\$aunmediated$2rdamedia
=338  \\$avolume$2rdacarrier
=883  0\$aLanguage codes assigned by Bayesian analysis of words present in record$d20181024$qUk$c0.997
=966  \\$uc$lACQUIS
=979  \\$aMN
=980  \\$acard
=CAT  \\$aCONV$b00$c20040502$lBLL01$h1133
=CAT  \\$aglobal_upd$b40$c20060416$lBLL01$h2359
=CAT  \\$aBATCH$b00$c20091206$lBLL01$h0515
=CAT  \\$aBATCH$b00$c20091214$lBLL01$h0150
=CAT  \\$aWR12-140$c20121031$lBLL01$h1739
=CAT  \\$aW1903-1550$b00$c20190614$lBLL01$h1831
=FIN  \\$aY
=FMT  \\$a  BK
=LAS  \\$aW1903-1550$b00$c20190614$lBLL01$h1831
=LEO  \\$aMP8.0001054012
=SRC  \\$aDSC01$bbibmp8.200404.2.ab
=STA  \\$aSUPPRESSED$bNegative Record

