=LDR  00954 am a22003373u 4500
=001  006235630
=003  Uk
=005  20121031173900.0
=008  040420|1993\\\\|||\\\\||\\\\\000\|||||\\
=019  g\$aadv010034366X
=019  a\$aG02259598
=040  \\$aUk$cUk
=100  0\$aGarni, M Griksheit.
=250  \\$aPsychological management market dynamics.
=260  \\$bWiley,$c1993.
=336  \\$atext$2rdacontent
=337  \\$aunmediated$2rdamedia
=338  \\$avolume$2rdacarrier
=966  \\$uc$lACQUIS
=979  \\$aMN
=CAT  \\$aCONV$b00$c20040502$lBLL01$h1133
=CAT  \\$aglobal_upd$b40$c20060416$lBLL01$h2359
=CAT  \\$aBATCH$b00$c20091206$lBLL01$h0515
=CAT  \\$aBATCH$b00$c20091214$lBLL01$h0150
=CAT  \\$aWR12-140$c20121031$lBLL01$h1739
=FIN  \\$aY
=FMT  \\$a  BK
=LAS  \\$aWR12-140$b00$c20121031$lBLL01$h1739
=LEO  \\$aMP8.0001055156
=SRC  \\$aDSC01$bbibmp8.200404.2.ab
=STA  \\$aSUPPRESSED$bNegative Record

