=LDR  01178cam a22003733u 4500
=001  006241035
=003  Uk
=005  20220225183034.0
=008  040420|1990\\\\|||\\\\||\\\\\000\||eng\\
=019  g\$aadv0100383556
=019  a\$aG02301850
=040  \\$aUk$cUk
=100  1\$aSmith, G. C.
=260  \\$aMIddlesex :$bNational Physics Laboratory,$c1990.
=336  \\$atext$2rdacontent
=337  \\$aunmediated$2rdamedia
=338  \\$avolume$2rdacarrier
=490  0\$aNPL Report DMM(D) 6
=883  0\$aLanguage codes assigned by Bayesian analysis of words present in record$d20201028$qUk$c0.9010
=966  \\$uc$lSPACQ
=979  \\$aMN
=CAT  \\$aCONV$b00$c20040502$lBLL01$h1133
=CAT  \\$aglobal_upd$b40$c20060416$lBLL01$h0001
=CAT  \\$aBATCH$b00$c20091206$lBLL01$h2308
=CAT  \\$aBATCH$b00$c20091224$lBLL01$h2212
=CAT  \\$aWR12-140$c20121031$lBLL01$h1739
=CAT  \\$aBATCH-UPD$b00$c20141211$lBLL01$h0552
=CAT  \\$aW2201-1476$b00$c20220225$lBLL01$h1830
=FIN  \\$aY
=FMT  \\$a  BK
=LAS  \\$aW2201-1476$b00$c20220225$lBLL01$h1830
=LEO  \\$aMP8.0001067351
=SRC  \\$aDSC01$bbibmp8.200404.2.ab
=STA  \\$aSUPPRESSED$bNegative Record

=LDR  00927 am a22003253u 4500
=001  006245234
=003  Uk
=005  20121031174000.0
=008  040420|1993\\\\|||\\\\||\\\\\000\|||||\\
=019  g\$aadv0100414184
=019  a\$aG02327543
=040  \\$aUk$cUk
=260  \\$aLondon :$bTUC,$c1993.
=336  \\$atext$2rdacontent
=337  \\$aunmediated$2rdamedia
=338  \\$avolume$2rdacarrier
=490  0\$aTrade Union Information Bulletin Vol 1 1993
=966  \\$uc$lSPACQ
=979  \\$aMN
=CAT  \\$aCONV$b00$c20040502$lBLL01$h1133
=CAT  \\$aglobal_upd$b40$c20060416$lBLL01$h0002
=CAT  \\$aBATCH$b00$c20091206$lBLL01$h2311
=CAT  \\$aBATCH$b00$c20091224$lBLL01$h2212
=CAT  \\$aWR12-140$c20121031$lBLL01$h1740
=FIN  \\$aY
=FMT  \\$a  BK
=LAS  \\$aWR12-140$b00$c20121031$lBLL01$h1740
=LEO  \\$aMP8.0001076267
=SRC  \\$aDSC01$bbibmp8.200404.2.ab
=STA  \\$aSUPPRESSED$bNegative Record

=LDR  01108 am a22003493u 4500
=001  006246202
=003  Uk
=005  20190614183147.0
=008  040420|1994\\\\|||\\\\||\\\\\000\||eng\\
=019  g\$aadv0100422314
=019  a\$aG02332039
=040  \\$aUk$cUk
=250  \\$aNondestructive evaluation conference Plymouth 7-12 August 1994 procs.
=260  \\$aKingston, :$bUniv RHode Island,,$c1994.
=336  \\$atext$2rdacontent
=337  \\$aunmediated$2rdamedia
=338  \\$avolume$2rdacarrier
=883  0\$aLanguage codes assigned by Bayesian analysis of words present in record$d20181024$qUk$c0.997
=966  \\$uc$lSPACQ
=979  \\$aMN
=980  \\$aCard
=CAT  \\$aCONV$b00$c20040502$lBLL01$h1133
=CAT  \\$aglobal_upd$b40$c20060416$lBLL01$h0003
=CAT  \\$aBATCH$b00$c20091206$lBLL01$h2312
=CAT  \\$aWR12-140$c20121031$lBLL01$h1740
=CAT  \\$aW1903-1550$b00$c20190614$lBLL01$h1831
=FIN  \\$aY
=FMT  \\$a  BK
=LAS  \\$aW1903-1550$b00$c20190614$lBLL01$h1831
=LEO  \\$aMP8.0001078219
=SRC  \\$aDSC01$bbibmp8.200404.2.ab
=STA  \\$aSUPPRESSED$bNegative Record

=LDR  01152 am a22003493u 4500
=001  006250775
=003  Uk
=005  20190614183147.0
=008  040420|1994\\\\|||\\\\||\\\\\000\||eng\\
=019  g\$aadv0100452914
=019  a\$aG02350729
=040  \\$aUk$cUk
=250  \\$aKielder- the ecology of a spruce forest meeting Newcastle upon Tyne 20-21 September 1994 procs.
=260  \\$aNewcastle upon Tyne., :$bUniversity of Newcastle,,$c1994.
=336  \\$atext$2rdacontent
=337  \\$aunmediated$2rdamedia
=338  \\$avolume$2rdacarrier
=883  0\$aLanguage codes assigned by Bayesian analysis of words present in record$d20181024$qUk$c0.997
=966  \\$uc$lSPACQ
=979  \\$aMN
=980  \\$aCard
=CAT  \\$aCONV$b00$c20040502$lBLL01$h1133
=CAT  \\$aglobal_upd$b40$c20060416$lBLL01$h0005
=CAT  \\$aBATCH$b00$c20091206$lBLL01$h2314
=CAT  \\$aWR12-140$c20121031$lBLL01$h1740
=CAT  \\$aW1903-1550$b00$c20190614$lBLL01$h1831
=FIN  \\$aY
=FMT  \\$a  BK
=LAS  \\$aW1903-1550$b00$c20190614$lBLL01$h1831
=LEO  \\$aMP8.0001086740
=SRC  \\$aDSC01$bbibmp8.200404.2.ab
=STA  \\$aSUPPRESSED$bNegative Record

=LDR  01079 am a22003493u 4500
=001  006254963
=003  Uk
=005  20190614183149.0
=008  040420|1994\\\\|||\\\\||\\\\\000\||eng\\
=019  g\$aadv0100499627
=019  a\$aG02371580
=040  \\$aUk$cUk
=250  \\$aand computer graphics Paris 1-4 March 1994 procs.
=260  \\$aFalls Church, :$bWCGA,,$c1994.
=336  \\$atext$2rdacontent
=337  \\$aunmediated$2rdamedia
=338  \\$avolume$2rdacarrier
=883  0\$aLanguage codes assigned by Bayesian analysis of words present in record$d20181024$qUk$c0.997
=966  \\$uc$lSPACQ
=979  \\$aMN
=980  \\$aCard
=CAT  \\$aCONV$b00$c20040502$lBLL01$h1133
=CAT  \\$aglobal_upd$b40$c20060416$lBLL01$h0006
=CAT  \\$aBATCH$b00$c20091206$lBLL01$h2317
=CAT  \\$aWR12-140$c20121031$lBLL01$h1740
=CAT  \\$aW1903-1550$b00$c20190614$lBLL01$h1831
=FIN  \\$aY
=FMT  \\$a  BK
=LAS  \\$aW1903-1550$b00$c20190614$lBLL01$h1831
=LEO  \\$aMP8.0001095488
=SRC  \\$aDSC01$bbibmp8.200404.2.ab
=STA  \\$aSUPPRESSED$bNegative Record

