=LDR  00908 am a22003373u 4500
=001  006260371
=003  Uk
=005  20121031174100.0
=008  040420|1988\\\\|||\\\\||\\\\\000\|||||\\
=019  g\$aadv0100560954
=019  a\$aG02390245
=020  \\$a0819167681
=040  \\$aUk$cUk
=100  0\$aJewett,R.
=250  \\$a2nd.
=260  \\$bUniversity Press of America.,$c1988.
=336  \\$atext$2rdacontent
=337  \\$aunmediated$2rdamedia
=338  \\$avolume$2rdacarrier
=966  \\$uc$lACQUIS
=979  \\$aMN
=CAT  \\$aCONV$b00$c20040502$lBLL01$h1133
=CAT  \\$aglobal_upd$b40$c20060416$lBLL01$h0008
=CAT  \\$aBATCH$b00$c20091206$lBLL01$h2320
=CAT  \\$aWR12-140$c20121031$lBLL01$h1741
=FIN  \\$aY
=FMT  \\$a  BK
=LAS  \\$aWR12-140$b00$c20121031$lBLL01$h1741
=LEO  \\$aMP8.0001105284
=SRC  \\$aDSC01$bbibmp8.200404.2.ab
=STA  \\$aSUPPRESSED$bNegative Record

=LDR  01141 am a22003733u 4500
=001  006264388
=003  Uk
=005  20190614183151.0
=008  040420|1974\\\\|||\\\\||\\\\\000\||eng\\
=019  g\$aadv0100600352
=019  a\$aG02408409
=040  \\$aUk$cUk
=250  \\$aJannaf combustion meeting 11th 1974.
=260  \\$aColumbia, :$bCPIA,,$c1974.
=336  \\$atext$2rdacontent
=337  \\$aunmediated$2rdamedia
=338  \\$avolume$2rdacarrier
=490  0\$aCPIA Publ 261
=883  0\$aLanguage codes assigned by Bayesian analysis of words present in record$d20181024$qUk$c0.997
=966  \\$uc$lSPACQ
=979  \\$aMN
=980  \\$aCard
=CAT  \\$aCONV$b00$c20040502$lBLL01$h1134
=CAT  \\$aglobal_upd$b40$c20060416$lBLL01$h0010
=CAT  \\$aBATCH$b00$c20091206$lBLL01$h2322
=CAT  \\$aBATCH$b00$c20091224$lBLL01$h2213
=CAT  \\$aWR12-140$c20121031$lBLL01$h1741
=CAT  \\$aW1903-1550$b00$c20190614$lBLL01$h1831
=FIN  \\$aY
=FMT  \\$a  BK
=LAS  \\$aW1903-1550$b00$c20190614$lBLL01$h1831
=LEO  \\$aMP8.0001113494
=SRC  \\$aDSC01$bbibmp8.200404.2.ab
=STA  \\$aSUPPRESSED$bNegative Record

