=LDR  01397cam a22004093u 4500
=001  006265980
=003  Uk
=005  20220225183052.0
=008  040420|1993\\\\|||\\\\||\\\\\000\||eng\\
=019  g\$aadv0100631843
=019  a\$aG02414497
=040  \\$aUk$cUk
=110  1\$aGreat Britain.$bCivil Aviation Authority.$bDirectorate of Operational Research and Analysis.
=260  \\$bCivil Aviation Authority,$c1993.
=336  \\$atext$2rdacontent
=337  \\$aunmediated$2rdamedia
=338  \\$avolume$2rdacarrier
=490  0\$aDR Communication 8308
=883  0\$aLanguage codes assigned by Bayesian analysis of words present in record$d20201028$qUk$c0.9010
=966  \\$uc$lSPACQ
=979  \\$aMN
=CAT  \\$aCONV$b00$c20040502$lBLL01$h1134
=CAT  \\$aglobal_upd$b40$c20060416$lBLL01$h0010
=CAT  \\$aBATCH$b00$c20091206$lBLL01$h2323
=CAT  \\$aBATCH$b00$c20091224$lBLL01$h2213
=CAT  \\$a8964$b40$c20120127$lBLL01$h1340
=CAT  \\$aBATCH-UPD$b40$c20120127$lBLL01$h1340
=CAT  \\$aWR12-140$c20121031$lBLL01$h1741
=CAT  \\$aBATCH-UPD$b00$c20121031$lBLL01$h2319
=CAT  \\$aW2201-1476$b00$c20220225$lBLL01$h1830
=CAT  \\$aBATCH-UPD$b00$c20220226$lBLL01$h0118
=FIN  \\$aY
=FMT  \\$a  BK
=LAS  \\$aBATCH-UPD$b00$c20220226$lBLL01$h0118
=LEO  \\$aMP8.0001116801
=SRC  \\$aDSC01$bbibmp8.200404.2.ab
=STA  \\$aSUPPRESSED$bNegative Record

