=LDR  01171cam a22003733u 4500
=001  006269786
=003  Uk
=005  20220225183055.0
=008  040420||||||||||||\\\\||\\\\\000\||eng\\
=019  g\$aadv0100687245
=019  a\$aG02431159
=040  \\$aUk$cUk
=100  10$aDyson, B. F.
=260  \\$bNational Physical Laboratory,$cApril 1993.
=336  \\$atext$2rdacontent
=337  \\$aunmediated$2rdamedia
=338  \\$avolume$2rdacarrier
=490  0\$aNPL report DMM A102
=883  0\$aLanguage codes assigned by Bayesian analysis of words present in record$d20201028$qUk$c0.9010
=966  \\$uc$lSPACQ
=979  \\$aMN
=CAT  \\$aCONV$b00$c20040502$lBLL01$h1134
=CAT  \\$aglobal_upd$b40$c20060416$lBLL01$h0012
=CAT  \\$aBATCH$b00$c20091206$lBLL01$h2325
=CAT  \\$aBATCH$b00$c20091224$lBLL01$h2214
=CAT  \\$aWR12-140$c20121031$lBLL01$h1741
=CAT  \\$aW2201-1476$b00$c20220225$lBLL01$h1830
=CAT  \\$aBATCH-UPD$b00$c20220226$lBLL01$h0119
=FIN  \\$aY
=FMT  \\$a  BK
=LAS  \\$aBATCH-UPD$b00$c20220226$lBLL01$h0119
=LEO  \\$aMP8.0001124418
=SRC  \\$aDSC01$bbibmp8.200404.2.ab
=STA  \\$aSUPPRESSED$bNegative Record

=LDR  01124 am a22003613u 4500
=001  006275637
=003  Uk
=005  20190614183153.0
=008  040420|1990\\\\|||\\\\||\\\\\000\||eng\\
=019  g\$aadv010074592X
=019  a\$aG02453789
=040  \\$aUk$cUk
=260  \\$aGreat Britain,$c1990.
=336  \\$atext$2rdacontent
=337  \\$aunmediated$2rdamedia
=338  \\$avolume$2rdacarrier
=490  0\$aBritish Journal of Pharmacology Vol 99 March
=598  \\$avol 99 part 3
=883  0\$aLanguage codes assigned by Bayesian analysis of words present in record$d20181024$qUk$c0.997
=966  \\$uc$lACQUIS
=979  \\$aMN
=CAT  \\$aCONV$b00$c20040502$lBLL01$h1134
=CAT  \\$aglobal_upd$b40$c20060416$lBLL01$h0014
=CAT  \\$aBATCH$b00$c20091206$lBLL01$h2328
=CAT  \\$aBATCH$b00$c20091224$lBLL01$h2214
=CAT  \\$aWR12-140$c20121031$lBLL01$h1742
=CAT  \\$aW1903-1550$b00$c20190614$lBLL01$h1831
=FIN  \\$aY
=FMT  \\$a  BK
=LAS  \\$aW1903-1550$b00$c20190614$lBLL01$h1831
=LEO  \\$aMP8.0001135271
=SRC  \\$aDSC01$bbibmp8.200404.2.ab
=STA  \\$aSUPPRESSED$bNegative Record

=LDR  01114 am a22003493u 4500
=001  006283443
=003  Uk
=005  20190614183154.0
=008  040420|1993\\\\|||\\\\||\\\\\000\||eng\\
=019  g\$aadv0100806961
=019  a\$aG02488040
=040  \\$aUk$cUk
=250  \\$aILASS-Americas 93 Worcester May 17-19 1993 procs.
=260  \\$aGuildford :$bInst of Liquid Atomisation and Spray Systems,$c1993.
=336  \\$atext$2rdacontent
=337  \\$aunmediated$2rdamedia
=338  \\$avolume$2rdacarrier
=883  0\$aLanguage codes assigned by Bayesian analysis of words present in record$d20181024$qUk$c0.997
=966  \\$uc$lSPACQ
=979  \\$aMN
=980  \\$aCard
=CAT  \\$aCONV$b00$c20040502$lBLL01$h1134
=CAT  \\$aglobal_upd$b40$c20060416$lBLL01$h0017
=CAT  \\$aBATCH$b00$c20091206$lBLL01$h2332
=CAT  \\$aWR12-140$c20121031$lBLL01$h1742
=CAT  \\$aW1903-1550$b00$c20190614$lBLL01$h1831
=FIN  \\$aY
=FMT  \\$a  BK
=LAS  \\$aW1903-1550$b00$c20190614$lBLL01$h1831
=LEO  \\$aMP8.0001149263
=SRC  \\$aDSC01$bbibmp8.200404.2.ab
=STA  \\$aSUPPRESSED$bNegative Record

=LDR  01081cam a22003493u 4500
=001  006296934
=003  Uk
=005  20220225183108.0
=008  040420||||||||||||\\\\||\\\\\000\||eng\\
=019  g\$aadv0100929540
=019  a\$aG02544758
=040  \\$aUk$cUk
=260  \\$aPortsmouth :$bSEHCC & I,$cOctober 1991.
=336  \\$atext$2rdacontent
=337  \\$aunmediated$2rdamedia
=338  \\$avolume$2rdacarrier
=490  0\$aBusiness News
=883  0\$aLanguage codes assigned by Bayesian analysis of words present in record$d20201028$qUk$c0.9010
=966  \\$uc$lSPACQ
=979  \\$aMN
=CAT  \\$aCONV$b00$c20040502$lBLL01$h1134
=CAT  \\$aglobal_upd$b40$c20060416$lBLL01$h0022
=CAT  \\$aBATCH$b00$c20091206$lBLL01$h2339
=CAT  \\$aBATCH$b00$c20091224$lBLL01$h2216
=CAT  \\$aWR12-140$c20121031$lBLL01$h1743
=CAT  \\$aW2201-1476$b00$c20220225$lBLL01$h1831
=FIN  \\$aY
=FMT  \\$a  BK
=LAS  \\$aW2201-1476$b00$c20220225$lBLL01$h1831
=LEO  \\$aMP8.0001173658
=SRC  \\$aDSC01$bbibmp8.200404.2.ab
=STA  \\$aSUPPRESSED$bNegative Record

