=LDR  00878 am a22003253u 4500
=001  006309903
=003  Uk
=005  20121031174300.0
=008  040420||||||||||||\\\\||\\\\\000\|||||\\
=019  g\$aadv010104870X
=019  a\$aG02593925
=020  \\$a0867201762
=040  \\$aUk$cUk
=100  0\$aHerrera, R.J.
=260  \\$aJones & Bartlett, 1992.
=336  \\$atext$2rdacontent
=337  \\$aunmediated$2rdamedia
=338  \\$avolume$2rdacarrier
=966  \\$uc$lACQUIS
=979  \\$aMN
=CAT  \\$aCONV$b00$c20040502$lBLL01$h1135
=CAT  \\$aglobal_upd$b40$c20060416$lBLL01$h0026
=CAT  \\$aBATCH$b00$c20091206$lBLL01$h2345
=CAT  \\$aWR12-140$c20121031$lBLL01$h1743
=FIN  \\$aY
=FMT  \\$a  BK
=LAS  \\$aWR12-140$b00$c20121031$lBLL01$h1743
=LEO  \\$aMP8.0001196233
=SRC  \\$aDSC01$bbibmp8.200404.2.ab
=STA  \\$aSUPPRESSED$bNegative Record

=LDR  00830 am a22003013u 4500
=001  006319951
=003  Uk
=005  20121031174400.0
=008  040420|1995\\\\|||\\\\||\\\\\000\|||||\\
=019  g\$aadv0101160933
=019  a\$aG02636201
=040  \\$aUk$cUk
=260  \\$aJapan :$bP.E. Books,$c1995 .
=336  \\$atext$2rdacontent
=337  \\$aunmediated$2rdamedia
=338  \\$avolume$2rdacarrier
=598  \\$a2 vol set req
=979  \\$aMN
=CAT  \\$aCONV$b00$c20040502$lBLL01$h1135
=CAT  \\$aglobal_upd$b40$c20060416$lBLL01$h0030
=CAT  \\$aBATCH$b00$c20091206$lBLL01$h2350
=CAT  \\$aWR12-140$c20121031$lBLL01$h1744
=FIN  \\$aY
=FMT  \\$a  BK
=LAS  \\$aWR12-140$b00$c20121031$lBLL01$h1744
=LEO  \\$aMP8.0001213835
=SRC  \\$aDSC01$bbibmp8.200404.2.ab
=STA  \\$aSUPPRESSED$bNegative Record

