=LDR  01183cam a22003733u 4500
=001  006321357
=003  Uk
=005  20220225183127.0
=008  040420|1995\\\\|||\\\\||\\\\\000\||eng\\
=019  g\$aadv0101168217
=019  a\$aG02646568
=040  \\$aUk$cUk
=110  2\$aIndustrial Society.
=260  \\$aLondon :$bIndustrial Society,$c1995.
=336  \\$atext$2rdacontent
=337  \\$aunmediated$2rdamedia
=338  \\$avolume$2rdacarrier
=490  0\$aBriefing Plus Dec/Jan 1994/95
=883  0\$aLanguage codes assigned by Bayesian analysis of words present in record$d20201028$qUk$c0.9010
=966  \\$uc$lSPACQ
=979  \\$aMN
=CAT  \\$aCONV$b00$c20040502$lBLL01$h1135
=CAT  \\$aglobal_upd$b40$c20060416$lBLL01$h0031
=CAT  \\$aBATCH$b00$c20091206$lBLL01$h2350
=CAT  \\$aBATCH$b00$c20091224$lBLL01$h2218
=CAT  \\$aWR12-140$c20121031$lBLL01$h1744
=CAT  \\$aBATCH-UPD$b00$c20121101$lBLL01$h0003
=CAT  \\$aW2201-1476$b00$c20220225$lBLL01$h1831
=FIN  \\$aY
=FMT  \\$a  BK
=LAS  \\$aW2201-1476$b00$c20220225$lBLL01$h1831
=LEO  \\$aMP8.0001216269
=SRC  \\$aDSC01$bbibmp8.200404.2.ab
=STA  \\$aSUPPRESSED$bNegative Record

