=LDR  01301cam a22004093u 4500
=001  006322157
=003  Uk
=005  20220225183128.0
=008  040420|1994\\\\|||\\\\||\\\\\000\||eng\\
=019  g\$aadv0101263031
=019  a\$aG02648912
=020  \\$a0960-6939
=040  \\$aUk$cUk
=110  1\$aGreat Britain.$bHer Majesty's Stationery Office.
=260  \\$aLondon :$bHMSO,$c1994.
=336  \\$atext$2rdacontent
=337  \\$aunmediated$2rdamedia
=338  \\$avolume$2rdacarrier
=490  0\$aMerchant shipping notice M1577
=598  \\$aM1577
=883  0\$aLanguage codes assigned by Bayesian analysis of words present in record$d20201028$qUk$c0.9010
=966  \\$lSPACQ 21/05/96
=979  \\$aMN
=CAT  \\$aCONV$b00$c20040502$lBLL01$h1135
=CAT  \\$aglobal_upd$b40$c20060416$lBLL01$h0031
=CAT  \\$aBATCH$b00$c20091206$lBLL01$h2351
=CAT  \\$aBATCH$b00$c20091224$lBLL01$h2218
=CAT  \\$aWR12-140$c20121031$lBLL01$h1744
=CAT  \\$a8964$b40$c20121220$lBLL01$h1543
=CAT  \\$aBATCH-UPD$b40$c20141210$lBLL01$h2342
=CAT  \\$aW2201-1476$b00$c20220225$lBLL01$h1831
=FIN  \\$aY
=FMT  \\$a  BK
=LAS  \\$aW2201-1476$b00$c20220225$lBLL01$h1831
=LEO  \\$aMP8.0001217492
=SRC  \\$aDSC01$bbibmp8.200404.2.ab
=STA  \\$aSUPPRESSED$bNegative Record

=LDR  01146cam a22003613u 4500
=001  006331027
=003  Uk
=005  20220225183130.0
=008  040420||||||||||||\\\\||\\\\\000\||eng\\
=019  g\$aadv0101227469
=019  a\$aG05006317
=040  \\$aUk$cUk
=250  \\$aLatest issue.
=260  \\$aWeybridge :$bInternational Council of Marine Industry.
=336  \\$atext$2rdacontent
=337  \\$aunmediated$2rdamedia
=338  \\$avolume$2rdacarrier
=490  0\$aBoating industry reports
=883  0\$aLanguage codes assigned by Bayesian analysis of words present in record$d20201028$qUk$c0.9010
=966  \\$uc$lSPACQ 20/05/96
=979  \\$aMN
=CAT  \\$aCONV$b00$c20040502$lBLL01$h1135
=CAT  \\$aglobal_upd$b40$c20060416$lBLL01$h0034
=CAT  \\$aBATCH$b00$c20091206$lBLL01$h2355
=CAT  \\$aBATCH$b00$c20091224$lBLL01$h2218
=CAT  \\$aWR12-140$c20121031$lBLL01$h1744
=CAT  \\$aW2201-1476$b00$c20220225$lBLL01$h1831
=FIN  \\$aY
=FMT  \\$a  BK
=LAS  \\$aW2201-1476$b00$c20220225$lBLL01$h1831
=LEO  \\$aMP8.0001244159
=SRC  \\$aDSC01$bbibmp8.200404.2.ab
=STA  \\$aSUPPRESSED$bNegative Record

=LDR  01095cam a22003493u 4500
=001  006331092
=003  Uk
=005  20220225183131.0
=008  040420||||||||||||\\\\||\\\\\000\||eng\\
=019  g\$aadv0101229674
=019  a\$aG05006508
=040  \\$aUk$cUk
=260  \\$aLondon :$bIndustrial Society,$cOctober 1994.
=336  \\$atext$2rdacontent
=337  \\$aunmediated$2rdamedia
=338  \\$avolume$2rdacarrier
=490  0\$aBriefing Plus
=883  0\$aLanguage codes assigned by Bayesian analysis of words present in record$d20201028$qUk$c0.9010
=966  \\$uc$lSPACQ 20/05/96
=979  \\$aMN
=CAT  \\$aCONV$b00$c20040502$lBLL01$h1135
=CAT  \\$aglobal_upd$b40$c20060416$lBLL01$h0034
=CAT  \\$aBATCH$b00$c20091206$lBLL01$h2355
=CAT  \\$aBATCH$b00$c20091224$lBLL01$h2218
=CAT  \\$aWR12-140$c20121031$lBLL01$h1744
=CAT  \\$aW2201-1476$b00$c20220225$lBLL01$h1831
=FIN  \\$aY
=FMT  \\$a  BK
=LAS  \\$aW2201-1476$b00$c20220225$lBLL01$h1831
=LEO  \\$aMP8.0001244264
=SRC  \\$aDSC01$bbibmp8.200404.2.ab
=STA  \\$aSUPPRESSED$bNegative Record

