=LDR  01229cam a22003853u 4500
=001  006331814
=003  Uk
=005  20220225183132.0
=008  040420|1993\\\\|||\\\\||\\\\\000\||eng\\
=019  g\$aadv0101263783
=019  a\$aG05008616
=020  \\$a0072-6435
=040  \\$aUk$cUk
=110  1\$aGreat Britain.$bHer Majesty's Stationery Office.
=260  \\$bHome Office,$c1993.
=336  \\$atext$2rdacontent
=337  \\$aunmediated$2rdamedia
=338  \\$avolume$2rdacarrier
=490  0\$aHome Office Research Study No 132
=883  0\$aLanguage codes assigned by Bayesian analysis of words present in record$d20201028$qUk$c0.9010
=966  \\$uc$lSPACQ 21/05/96
=979  \\$aMN
=CAT  \\$aCONV$b00$c20040502$lBLL01$h1135
=CAT  \\$aglobal_upd$b40$c20060416$lBLL01$h0034
=CAT  \\$aBATCH$b00$c20091206$lBLL01$h2356
=CAT  \\$aBATCH$b00$c20091224$lBLL01$h2218
=CAT  \\$aWR12-140$c20121031$lBLL01$h1745
=CAT  \\$a8964$b40$c20121220$lBLL01$h1544
=CAT  \\$aW2201-1476$b00$c20220225$lBLL01$h1831
=FIN  \\$aY
=FMT  \\$a  BK
=LAS  \\$aW2201-1476$b00$c20220225$lBLL01$h1831
=LEO  \\$aMP8.0001245786
=SRC  \\$aDSC01$bbibmp8.200404.2.ab
=STA  \\$aSUPPRESSED$bNegative Record

