=LDR  01252cam a22003973u 4500
=001  006341120
=003  Uk
=005  20220225183137.0
=008  040420|1994\\\\|||\\\\||\\\\\000\||eng\\
=019  g\$aadv0101184204
=019  a\$aG05033862
=020  \\$a0960-6939
=040  \\$aUk$cUk
=110  1\$aGreat Britain.$bHer Majesty's Stationery Office.
=260  \\$aLondon :$bHMSO,$c1994.
=336  \\$atext$2rdacontent
=337  \\$aunmediated$2rdamedia
=338  \\$avolume$2rdacarrier
=490  0\$aMerchant shipping notice M1577
=598  \\$aM1577
=883  0\$aLanguage codes assigned by Bayesian analysis of words present in record$d20201028$qUk$c0.9010
=966  \\$uc$lACQUIS 10/07/96
=979  \\$aMN
=CAT  \\$aCONV$b00$c20040502$lBLL01$h1136
=CAT  \\$aglobal_upd$b40$c20060416$lBLL01$h0038
=CAT  \\$aBATCH$b00$c20091207$lBLL01$h0000
=CAT  \\$aBATCH$b00$c20091224$lBLL01$h2220
=CAT  \\$aWR12-140$c20121031$lBLL01$h1745
=CAT  \\$a8964$b40$c20121220$lBLL01$h1544
=CAT  \\$aW2201-1476$b00$c20220225$lBLL01$h1831
=FIN  \\$aY
=FMT  \\$a  BK
=LAS  \\$aW2201-1476$b00$c20220225$lBLL01$h1831
=LEO  \\$aMP8.0001263270
=SRC  \\$aDSC01$bbibmp8.200404.2.ab
=STA  \\$aSUPPRESSED$bNegative Record

=LDR  01133 am a22003493u 4500
=001  006342523
=003  Uk
=005  20190614183201.0
=008  040420|1994\\\\|||\\\\||\\\\\000\||eng\\
=019  g\$aadv0101358733
=019  a\$aG05038774
=040  \\$aUk$cUk
=260  \\$aFarnborough :$bDefence Research Agency,$c1994?.
=336  \\$atext$2rdacontent
=337  \\$aunmediated$2rdamedia
=338  \\$avolume$2rdacarrier
=490  0\$aDefence Research Agency Technical Report TR 94007
=883  0\$aLanguage codes assigned by Bayesian analysis of words present in record$d20181024$qUk$c0.997
=966  \\$uc$lSPACQ 17/07/96
=979  \\$aMN
=CAT  \\$aCONV$b00$c20040502$lBLL01$h1136
=CAT  \\$aglobal_upd$b40$c20060416$lBLL01$h0039
=CAT  \\$aBATCH$b00$c20091207$lBLL01$h0001
=CAT  \\$aBATCH$b00$c20091224$lBLL01$h2220
=CAT  \\$aWR12-140$c20121031$lBLL01$h1745
=CAT  \\$aW1903-1550$b00$c20190614$lBLL01$h1832
=FIN  \\$aY
=FMT  \\$a  BK
=LAS  \\$aW1903-1550$b00$c20190614$lBLL01$h1832
=LEO  \\$aMP8.0001266022
=SRC  \\$aDSC01$bbibmp8.200404.2.ab
=STA  \\$aSUPPRESSED$bNegative Record

