=LDR  01201 am a22003733u 4500
=001  006361833
=003  Uk
=005  20190614183203.0
=008  040420|1996\\\\|||\\\\||\\\\\000\||eng\\
=019  g\$aadv0101497822
=019  a\$aG05197030
=020  \\$a0521346983
=040  \\$aUk$cUk
=110  1\$aMaier, Charles.
=250  \\$aIn search of stability: explorations in historical economy.
=260  \\$bCambridge University Press,$c1996.
=336  \\$atext$2rdacontent
=337  \\$aunmediated$2rdamedia
=338  \\$avolume$2rdacarrier
=598  \\$aMissing.Unable to replace.Out of print.26.6.97
=883  0\$aLanguage codes assigned by Bayesian analysis of words present in record$d20181024$qUk$c0.997
=966  \\$lACQUIS 05/11/96
=979  \\$aMN
=CAT  \\$aCONV$b00$c20040502$lBLL01$h1136
=CAT  \\$aglobal_upd$b40$c20060416$lBLL01$h0046
=CAT  \\$aBATCH$b00$c20091207$lBLL01$h0012
=CAT  \\$aWR12-140$c20121031$lBLL01$h1746
=CAT  \\$aW1903-1550$b00$c20190614$lBLL01$h1832
=FIN  \\$aY
=FMT  \\$a  BK
=LAS  \\$aW1903-1550$b00$c20190614$lBLL01$h1832
=LEO  \\$aMP8.0001305895
=SRC  \\$aDSC01$bbibmp8.200404.2.ab
=STA  \\$aSUPPRESSED$bNegative Record

