=LDR  01209cam a22003853u 4500
=001  006382286
=003  Uk
=005  20220225183201.0
=008  040420|1995\\\\|||\\\\||\\\\\000\||eng\\
=019  g\$aadv0101691882
=019  a\$aG05278951
=040  \\$aUk$cUk
=110  2\$aIndustrial Society.
=250  \\$aOctober 1995.
=260  \\$bIndustrial Society,$c1995.
=336  \\$atext$2rdacontent
=337  \\$aunmediated$2rdamedia
=338  \\$avolume$2rdacarrier
=490  0\$aBriefing Plus October 1995
=883  0\$aLanguage codes assigned by Bayesian analysis of words present in record$d20201028$qUk$c0.9010
=966  \\$uc$lSPACQ 18/04/97
=979  \\$aMN
=CAT  \\$aCONV$b00$c20040502$lBLL01$h1137
=CAT  \\$aglobal_upd$b40$c20060416$lBLL01$h0054
=CAT  \\$aBATCH$b00$c20091207$lBLL01$h0023
=CAT  \\$aBATCH$b00$c20091224$lBLL01$h2224
=CAT  \\$aWR12-140$c20121031$lBLL01$h1747
=CAT  \\$aBATCH-UPD$b00$c20121101$lBLL01$h0054
=CAT  \\$aW2201-1476$b00$c20220225$lBLL01$h1832
=FIN  \\$aY
=FMT  \\$a  BK
=LAS  \\$aW2201-1476$b00$c20220225$lBLL01$h1832
=LEO  \\$aMP8.0001342725
=SRC  \\$aDSC01$bbibmp8.200404.2.ab
=STA  \\$aSUPPRESSED$bNegative Record

=LDR  01173 am a22003733u 4500
=001  006400396
=003  Uk
=005  20190614183205.0
=008  040421|1987\\\\|||\\\\||\\\\\000\||eng\\
=019  g\$aadv0101870671
=019  a\$aG05388638
=040  \\$aUk$cUk
=260  \\$aGDYNIA :$bSEA FISHERIES INSTITUTE,$c1987.
=336  \\$atext$2rdacontent
=337  \\$aunmediated$2rdamedia
=338  \\$avolume$2rdacarrier
=490  0\$a7TH BALTIC SYMPOS ON MARINE BIOLOGY
=883  0\$aLanguage codes assigned by Bayesian analysis of words present in record$d20181024$qUk$c0.997
=886  2\$2blmarc$a010$b00$a12087
=966  \\$uc$lSPACQ 06/10/97
=979  \\$aMN
=980  \\$aCard
=CAT  \\$aCONV$b00$c20040502$lBLL01$h1137
=CAT  \\$aglobal_upd$b40$c20060416$lBLL01$h0101
=CAT  \\$aBATCH$b00$c20091207$lBLL01$h0032
=CAT  \\$aBATCH$b00$c20091224$lBLL01$h2226
=CAT  \\$aWR12-140$c20121031$lBLL01$h1748
=CAT  \\$aW1903-1550$b00$c20190614$lBLL01$h1832
=FIN  \\$aY
=FMT  \\$a  BK
=LAS  \\$aW1903-1550$b00$c20190614$lBLL01$h1832
=LEO  \\$aMP8.0001379582
=SRC  \\$aDSC01$bbibmp8.200404.2.ab
=STA  \\$aSUPPRESSED$bNegative Record

