=LDR  01153 am a22003613u 4500
=001  006416440
=003  Uk
=005  20190614183206.0
=008  040421||||||||||||\\\\||\\\\\000\||eng\\
=019  g\$aadv0101973764
=019  a\$aG05476613
=040  \\$aUk$cUk
=110  1\$aStetzer, C W.
=250  \\$aFour aspects of the musice of the beatles: instrumentation, harmony form and album unity.
=260  \\$cUniversity of Rochester.
=336  \\$atext$2rdacontent
=337  \\$aunmediated$2rdamedia
=338  \\$avolume$2rdacarrier
=883  0\$aLanguage codes assigned by Bayesian analysis of words present in record$d20181024$qUk$c0.997
=966  \\$uc$lACQUIS 29/12/97
=979  \\$aMN
=980  \\$aCard
=CAT  \\$aCONV$b00$c20040502$lBLL01$h1138
=CAT  \\$aglobal_upd$b40$c20060416$lBLL01$h0107
=CAT  \\$aBATCH$b00$c20091207$lBLL01$h0040
=CAT  \\$aWR12-140$c20121031$lBLL01$h1749
=CAT  \\$aW1903-1550$b00$c20190614$lBLL01$h1832
=FIN  \\$aY
=FMT  \\$a  BK
=LAS  \\$aW1903-1550$b00$c20190614$lBLL01$h1832
=LEO  \\$aMP8.0001409920
=SRC  \\$aDSC01$bbibmp8.200404.2.ab
=STA  \\$aSUPPRESSED$bNegative Record

