=LDR  00951 am a22003493u 4500
=001  006417707
=003  Uk
=005  20121031174900.0
=008  040421|1996\\\\|||\\\\||\\\\\000\|||||\\
=019  g\$aadv0101986556
=019  a\$aG05482063
=040  \\$aUk$cUk
=100  1\$aRushton S G.
=110  1\$aHSE OTO.
=260  \\$bHSE,$c1996 Jan.
=336  \\$atext$2rdacontent
=337  \\$aunmediated$2rdamedia
=338  \\$avolume$2rdacarrier
=490  0\$aOTO-96-002
=966  \\$uc$lSPACQ 08/01/98
=979  \\$aMN
=CAT  \\$aCONV$b00$c20040502$lBLL01$h1138
=CAT  \\$aglobal_upd$b40$c20060416$lBLL01$h0107
=CAT  \\$aBATCH$b00$c20091207$lBLL01$h0040
=CAT  \\$aBATCH$b00$c20091224$lBLL01$h2229
=CAT  \\$aWR12-140$c20121031$lBLL01$h1749
=FIN  \\$aY
=FMT  \\$a  BK
=LAS  \\$aWR12-140$b00$c20121031$lBLL01$h1749
=LEO  \\$aMP8.0001412303
=SRC  \\$aDSC01$bbibmp8.200404.2.ab
=STA  \\$aSUPPRESSED$bNegative Record

