=LDR  01119 am a22003613u 4500
=001  006418326
=003  Uk
=005  20190614183206.0
=008  040421|1994\\\\|||\\\\||\\\\\000\||eng\\
=019  g\$aadv0101993927
=019  a\$aG05485087
=020  \\$a2878900367
=040  \\$aUk$cUk
=100  1\$aGaillard, Marc.
=250  \\$aQuays & bridges of Paris: An historical guide.
=260  \\$bMartelle Editions,$c1994.
=336  \\$atext$2rdacontent
=337  \\$aunmediated$2rdamedia
=338  \\$avolume$2rdacarrier
=883  0\$aLanguage codes assigned by Bayesian analysis of words present in record$d20181024$qUk$c0.997
=966  \\$uc$lACQUIS 13/01/98
=979  \\$aMN
=CAT  \\$aCONV$b00$c20040502$lBLL01$h1138
=CAT  \\$aglobal_upd$b40$c20060416$lBLL01$h0108
=CAT  \\$aBATCH$b00$c20091207$lBLL01$h0041
=CAT  \\$aWR12-140$c20121031$lBLL01$h1749
=CAT  \\$aW1903-1550$b00$c20190614$lBLL01$h1832
=FIN  \\$aY
=FMT  \\$a  BK
=LAS  \\$aW1903-1550$b00$c20190614$lBLL01$h1832
=LEO  \\$aMP8.0001413642
=SRC  \\$aDSC01$bbibmp8.200404.2.ab
=STA  \\$aSUPPRESSED$bNegative Record

=LDR  01121cam a22003613u 4500
=001  006438960
=003  Uk
=005  20220225183227.0
=008  040421|1996\\\\|||\\\\||\\\\\000\||eng\\
=019  g\$aadv0102165246
=019  a\$aG05584461
=020  \\$a13614061
=040  \\$aUk$cUk
=260  \\$bNational Physical Laboratory,$c1996.
=336  \\$atext$2rdacontent
=337  \\$aunmediated$2rdamedia
=338  \\$avolume$2rdacarrier
=490  0\$aNPL Report CMMT (A) 40
=883  0\$aLanguage codes assigned by Bayesian analysis of words present in record$d20201028$qUk$c0.9010
=966  \\$uc$lSPACQ 12/06/98
=979  \\$aMN
=CAT  \\$aCONV$b00$c20040502$lBLL01$h1138
=CAT  \\$aglobal_upd$b40$c20060416$lBLL01$h0115
=CAT  \\$aBATCH$b00$c20091207$lBLL01$h0050
=CAT  \\$aBATCH$b00$c20091224$lBLL01$h2231
=CAT  \\$aWR12-140$c20121031$lBLL01$h1751
=CAT  \\$aW2201-1476$b00$c20220225$lBLL01$h1832
=FIN  \\$aY
=FMT  \\$a  BK
=LAS  \\$aW2201-1476$b00$c20220225$lBLL01$h1832
=LEO  \\$aMP8.0001453610
=SRC  \\$aDSC01$bbibmp8.200404.2.ab
=STA  \\$aSUPPRESSED$bNegative Record

=LDR  01148cam a22003733u 4500
=001  006444777
=003  Uk
=005  20220225183230.0
=008  980119||||||||||||\\\\||\\\\||||\||eng\|
=019  g\$aadv0100658148
=019  a\$aG05611917
=020  \\$a0415064465
=040  \\$aUk$cUk
=260  \\$aNew York.
=336  \\$atext$2rdacontent
=337  \\$aunmediated$2rdamedia
=338  \\$avolume$2rdacarrier
=490  0\$aCompanion encyclopedia of psychology
=883  0\$aLanguage codes assigned by Bayesian analysis of words present in record$d20201028$qUk$c0.9010
=886  2\$2blmarc$a760$b00$f150
=966  \\$uc$lACQUIS 23/07/98
=979  \\$aMN
=CAT  \\$aCONV$b00$c20040502$lBLL01$h1138
=CAT  \\$aglobal_upd$b40$c20060416$lBLL01$h0118
=CAT  \\$aBATCH$b00$c20091207$lBLL01$h0053
=CAT  \\$aBATCH$b00$c20091224$lBLL01$h2232
=CAT  \\$aWR12-140$c20121031$lBLL01$h1751
=CAT  \\$aW2201-1476$b00$c20220225$lBLL01$h1832
=FIN  \\$aY
=FMT  \\$a  BK
=LAS  \\$aW2201-1476$b00$c20220225$lBLL01$h1832
=LEO  \\$aMP8.0001464981
=SRC  \\$aDSC01$bbibmp8.200404.2.ab
=STA  \\$aSUPPRESSED$bNegative Record

