=LDR  01255 am a22003733u 4500
=001  006446205
=003  Uk
=005  20190614183207.0
=008  040421|1992\\\\|||\\\\||\\\\\000\||eng\\
=019  g\$aadv0102226245
=019  a\$aG05617413
=040  \\$aUk$cUk
=100  1\$aEvans D.
=260  \\$aSwansea :$bDepartment of Health on Training of Local Research Ethics Committees.,$c1992.
=336  \\$atext$2rdacontent
=337  \\$aunmediated$2rdamedia
=338  \\$avolume$2rdacarrier
=490  0\$aReport on the training needs of members of the local research ethics committees.
=760  0\$aEvans D.
=883  0\$aLanguage codes assigned by Bayesian analysis of words present in record$d20181024$qUk$c0.997
=966  \\$uc$lSPACQ 03/08/98
=979  \\$aMN
=CAT  \\$aCONV$b00$c20040502$lBLL01$h1138
=CAT  \\$aglobal_upd$b40$c20060416$lBLL01$h0118
=CAT  \\$aBATCH$b00$c20091207$lBLL01$h0054
=CAT  \\$aBATCH$b00$c20091224$lBLL01$h2232
=CAT  \\$aWR12-140$c20121031$lBLL01$h1751
=CAT  \\$aW1903-1550$b00$c20190614$lBLL01$h1832
=FIN  \\$aY
=FMT  \\$a  BK
=LAS  \\$aW1903-1550$b00$c20190614$lBLL01$h1832
=LEO  \\$aMP8.0001467499
=SRC  \\$aDSC01$bbibmp8.200404.2.ab
=STA  \\$aSUPPRESSED$bNegative Record

