=LDR  01056 am a22003853u 4500
=001  006453819
=003  Uk
=005  20121031175200.0
=008  980806s1998\\\\is\\\\\||\\\\\000\||eng\|
=019  g\$aadv5004173311
=019  a\$aG05653283
=020  \\$a9650900799
=040  \\$aDLC$cDLC$dUk
=050  00$aIN PROCESS
=100  1\$aStern, Edith.
=260  \\$aJerusalem :$bRubin Mass,$c1998.
=300  \\$a141 p.
=336  \\$atext$2rdacontent
=337  \\$aunmediated$2rdamedia
=338  \\$avolume$2rdacarrier
=590  \\$aPRIORITY 2
=886  2\$2blmarc$a010$b00$a98180353
=966  \\$uc$lACQUIS 02/04/2003
=966  \\$lACQUIS 08/10/2003
=979  \\$aMN
=CAT  \\$aCONV$b00$c20040502$lBLL01$h1139
=CAT  \\$aglobal_upd$b40$c20060416$lBLL01$h0121
=CAT  \\$aBATCH$b00$c20091207$lBLL01$h0057
=CAT  \\$aWR12-140$c20121031$lBLL01$h1752
=FIN  \\$aY
=FMT  \\$a  BK
=LAS  \\$aWR12-140$b00$c20121031$lBLL01$h1752
=LEO  \\$aMP8.0001482412
=SRC  \\$aDSC01$bbibmp8.200404.2.ab
=STA  \\$aSUPPRESSED$bNegative Record

=LDR  01143 am a22003613u 4500
=001  006472836
=003  Uk
=005  20190614183209.0
=008  980119|1989\\\\|||\\\\||\\\\||||\||eng\|
=019  g\$aadv0101847807
=019  a\$aG05744152
=040  \\$aUk$cUk
=250  \\$aThe Third International Symposium on Informal Logic.
=260  \\$aInverness-California :$bEdgePress,$c1989.
=336  \\$atext$2rdacontent
=337  \\$aunmediated$2rdamedia
=338  \\$avolume$2rdacarrier
=598  \\$aItem unavailable,3/3/99
=883  0\$aLanguage codes assigned by Bayesian analysis of words present in record$d20181024$qUk$c0.997
=966  \\$uc$lACQUIS 04/03/99
=979  \\$aMN
=980  \\$aCard
=CAT  \\$aCONV$b00$c20040502$lBLL01$h1141
=CAT  \\$aglobal_upd$b40$c20060416$lBLL01$h0128
=CAT  \\$aBATCH$b00$c20091207$lBLL01$h0107
=CAT  \\$aWR12-140$c20121031$lBLL01$h1753
=CAT  \\$aW1903-1550$b00$c20190614$lBLL01$h1832
=FIN  \\$aY
=FMT  \\$a  BK
=LAS  \\$aW1903-1550$b00$c20190614$lBLL01$h1832
=LEO  \\$aMP8.0001520881
=SRC  \\$aDSC01$bbibmp8.200404.2.ac
=STA  \\$aSUPPRESSED$bNegative Record

