=LDR  01086 am a22003853u 4500
=001  006477654
=003  Uk
=005  20121031175300.0
=008  990202s1997\\\\is\ab\\||\\\\\000\||eng\|
=019  a\$aG05769935
=020  \\$a965342677X
=040  \\$aDLC$cDLC$dUk
=043  \\$aa-le---
=050  00$aDS89.T8
=100  1\$aKatzenstein, H. Jacob.
=250  \\$a2nd rev. ed.
=300  \\$axxiii, 373 p. :$bill., maps ;$c23 cm.
=336  \\$atext$2rdacontent
=337  \\$aunmediated$2rdamedia
=338  \\$avolume$2rdacarrier
=590  \\$aPRIORITY 2
=595  \\$aHeld at H&SS at YA.1998.a.1014.
=651  \0$aTyre (Lebanon)$xHistory.
=886  2\$2blmarc$a010$b00$a99168179
=979  \\$aMN
=CAT  \\$aCONV$b00$c20040502$lBLL01$h1141
=CAT  \\$aglobal_upd$b40$c20060416$lBLL01$h0130
=CAT  \\$aBATCH$b00$c20091207$lBLL01$h0109
=CAT  \\$aWR12-140$c20121031$lBLL01$h1753
=FIN  \\$aY
=FMT  \\$a  BK
=LAS  \\$aWR12-140$b00$c20121031$lBLL01$h1753
=LEO  \\$aMP8.0001531214
=SRC  \\$aDSC01$bbibmp8.200404.2.ac
=STA  \\$aSUPPRESSED$bNegative Record

