=LDR  01260 am a22003853u 4500
=001  006558693
=003  Uk
=005  20190614183214.0
=008  980119||||||||||||\\\\||\\\\||||\||eng\|
=019  g\$aadv0100134157
=019  a\$aG07136163
=040  \\$aUk$cUk
=100  1\$aBerger, A. N.
=260  \\$aNew York University Graduate School in Small Firm Finance, 1993.
=336  \\$atext$2rdacontent
=337  \\$aunmediated$2rdamedia
=338  \\$avolume$2rdacarrier
=490  0\$aLines of credit, collateral and relationship lending in small firm finance
=504  \\$aFILE.
=760  0\$aBerger, A. N.
=883  0\$aLanguage codes assigned by Bayesian analysis of words present in record$d20181024$qUk$c0.997
=966  \\$uc$lACQUIS 05/02/2001
=979  \\$aMN
=CAT  \\$aCONV$b00$c20040502$lBLL01$h1144
=CAT  \\$aglobal_upd$b40$c20060416$lBLL01$h0201
=CAT  \\$aBATCH$b00$c20091207$lBLL01$h0146
=CAT  \\$aBATCH$b00$c20091224$lBLL01$h2243
=CAT  \\$aWR12-140$c20121031$lBLL01$h1757
=CAT  \\$aW1903-1550$b00$c20190614$lBLL01$h1832
=FIN  \\$aY
=FMT  \\$a  BK
=LAS  \\$aW1903-1550$b00$c20190614$lBLL01$h1832
=LEO  \\$aMP8.0001692363
=SRC  \\$aDSC01$bbibmp8.200404.2.ac
=STA  \\$aSUPPRESSED$bNegative Record

=LDR  00743 am a22002533u 4500
=001  006827454
=003  Uk
=005  20181016173400.0
=008  040421s\\\\\\\\||||||||||||||||||||chi\|
=336  \\$atext$2rdacontent
=337  \\$aunmediated$2rdamedia
=338  \\$avolume$2rdacarrier
=852  41$aBritish Library$bOC
=957  \\$r11/02/1994
=AQN  \\$aE84
=CAT  \\$aCONV$b00$c20040502$lBLL01$h1200
=CAT  \\$aBATCH$b00$c20091207$lBLL01$h0305
=CAT  \\$aBATCH-UPD$b00$c20121031$lBLL01$h1315
=CAT  \\$aWR12170$c20121116$lBLL01$h1644
=CAT  \\$aW1810-0931$c20181016$lBLL01$h1734
=FMT  \\$a  BK
=LAS  \\$aW1810-0931$b00$c20181016$lBLL01$h1734
=SRC  \\$aMOP02$bbibm2.200404.2.aa
=STA  \\$aSUPPRESSED$bPreliminary Record

=LDR  00743 am a22002533u 4500
=001  006827901
=003  Uk
=005  20181016173400.0
=008  040421s\\\\\\\\||||||||||||||||||||chi\|
=336  \\$atext$2rdacontent
=337  \\$aunmediated$2rdamedia
=338  \\$avolume$2rdacarrier
=852  41$aBritish Library$bOC
=957  \\$r05/04/1994
=AQN  \\$aE84
=CAT  \\$aCONV$b00$c20040502$lBLL01$h1200
=CAT  \\$aBATCH$b00$c20091207$lBLL01$h0305
=CAT  \\$aBATCH-UPD$b00$c20121031$lBLL01$h1315
=CAT  \\$aWR12170$c20121116$lBLL01$h1644
=CAT  \\$aW1810-0931$c20181016$lBLL01$h1734
=FMT  \\$a  BK
=LAS  \\$aW1810-0931$b00$c20181016$lBLL01$h1734
=SRC  \\$aMOP02$bbibm2.200404.2.aa
=STA  \\$aSUPPRESSED$bPreliminary Record

=LDR  00743 am a22002533u 4500
=001  006829961
=003  Uk
=005  20181016173400.0
=008  040421s\\\\\\\\||||||||||||||||||||jpn\|
=336  \\$atext$2rdacontent
=337  \\$aunmediated$2rdamedia
=338  \\$avolume$2rdacarrier
=852  41$aBritish Library$bOC
=957  \\$r14/06/1994
=AQN  \\$aE95
=CAT  \\$aCONV$b00$c20040502$lBLL01$h1200
=CAT  \\$aBATCH$b00$c20091207$lBLL01$h0305
=CAT  \\$aBATCH-UPD$b00$c20121031$lBLL01$h1315
=CAT  \\$aWR12170$c20121116$lBLL01$h1645
=CAT  \\$aW1810-0931$c20181016$lBLL01$h1734
=FMT  \\$a  BK
=LAS  \\$aW1810-0931$b00$c20181016$lBLL01$h1734
=SRC  \\$aMOP02$bbibm2.200404.2.aa
=STA  \\$aSUPPRESSED$bPreliminary Record

=LDR  00743 am a22002533u 4500
=001  006830370
=003  Uk
=005  20181016173400.0
=008  040421s\\\\\\\\||||||||||||||||||||chi\|
=336  \\$atext$2rdacontent
=337  \\$aunmediated$2rdamedia
=338  \\$avolume$2rdacarrier
=852  41$aBritish Library$bOC
=957  \\$r24/06/1994
=AQN  \\$aE84
=CAT  \\$aCONV$b00$c20040502$lBLL01$h1200
=CAT  \\$aBATCH$b00$c20091207$lBLL01$h0306
=CAT  \\$aBATCH-UPD$b00$c20121031$lBLL01$h1315
=CAT  \\$aWR12170$c20121116$lBLL01$h1645
=CAT  \\$aW1810-0931$c20181016$lBLL01$h1734
=FMT  \\$a  BK
=LAS  \\$aW1810-0931$b00$c20181016$lBLL01$h1734
=SRC  \\$aMOP02$bbibm2.200404.2.aa
=STA  \\$aSUPPRESSED$bPreliminary Record

=LDR  00743 am a22002533u 4500
=001  006831361
=003  Uk
=005  20181016173400.0
=008  040421s\\\\\\\\||||||||||||||||||||chi\|
=336  \\$atext$2rdacontent
=337  \\$aunmediated$2rdamedia
=338  \\$avolume$2rdacarrier
=852  41$aBritish Library$bOC
=957  \\$r02/08/1994
=AQN  \\$aE84
=CAT  \\$aCONV$b00$c20040502$lBLL01$h1200
=CAT  \\$aBATCH$b00$c20091207$lBLL01$h0306
=CAT  \\$aBATCH-UPD$b00$c20121031$lBLL01$h1315
=CAT  \\$aWR12170$c20121116$lBLL01$h1645
=CAT  \\$aW1810-0931$c20181016$lBLL01$h1734
=FMT  \\$a  BK
=LAS  \\$aW1810-0931$b00$c20181016$lBLL01$h1734
=SRC  \\$aMOP02$bbibm2.200404.2.aa
=STA  \\$aSUPPRESSED$bPreliminary Record

=LDR  00743 am a22002533u 4500
=001  006831997
=003  Uk
=005  20181016173400.0
=008  040421s\\\\\\\\||||||||||||||||||||chi\|
=336  \\$atext$2rdacontent
=337  \\$aunmediated$2rdamedia
=338  \\$avolume$2rdacarrier
=852  41$aBritish Library$bOC
=957  \\$r25/08/1994
=AQN  \\$aE84
=CAT  \\$aCONV$b00$c20040502$lBLL01$h1200
=CAT  \\$aBATCH$b00$c20091207$lBLL01$h0306
=CAT  \\$aBATCH-UPD$b00$c20121031$lBLL01$h1315
=CAT  \\$aWR12170$c20121116$lBLL01$h1645
=CAT  \\$aW1810-0931$c20181016$lBLL01$h1734
=FMT  \\$a  BK
=LAS  \\$aW1810-0931$b00$c20181016$lBLL01$h1734
=SRC  \\$aMOP02$bbibm2.200404.2.aa
=STA  \\$aSUPPRESSED$bPreliminary Record

=LDR  00743 am a22002533u 4500
=001  006833546
=003  Uk
=005  20181016173400.0
=008  040421s\\\\\\\\||||||||||||||||||||chi\|
=336  \\$atext$2rdacontent
=337  \\$aunmediated$2rdamedia
=338  \\$avolume$2rdacarrier
=852  41$aBritish Library$bOC
=957  \\$r06/12/1994
=AQN  \\$aE84
=CAT  \\$aCONV$b00$c20040502$lBLL01$h1200
=CAT  \\$aBATCH$b00$c20091207$lBLL01$h0306
=CAT  \\$aBATCH-UPD$b00$c20121031$lBLL01$h1315
=CAT  \\$aWR12170$c20121116$lBLL01$h1645
=CAT  \\$aW1810-0931$c20181016$lBLL01$h1734
=FMT  \\$a  BK
=LAS  \\$aW1810-0931$b00$c20181016$lBLL01$h1734
=SRC  \\$aMOP02$bbibm2.200404.2.aa
=STA  \\$aSUPPRESSED$bPreliminary Record

=LDR  00745 am a22002533u 4500
=001  006834260
=003  Uk
=005  20181016173400.0
=008  040421s\\\\\\\\||||||||||||||||||||jpn\|
=336  \\$atext$2rdacontent
=337  \\$aunmediated$2rdamedia
=338  \\$avolume$2rdacarrier
=852  41$aBritish Library$bOC
=957  \\$r11/01/1995
=AQN  \\$aE95 1
=CAT  \\$aCONV$b00$c20040502$lBLL01$h1200
=CAT  \\$aBATCH$b00$c20091207$lBLL01$h0306
=CAT  \\$aBATCH-UPD$b00$c20121031$lBLL01$h1315
=CAT  \\$aWR12170$c20121116$lBLL01$h1646
=CAT  \\$aW1810-0931$c20181016$lBLL01$h1734
=FMT  \\$a  BK
=LAS  \\$aW1810-0931$b00$c20181016$lBLL01$h1734
=SRC  \\$aMOP02$bbibm2.200404.2.aa
=STA  \\$aSUPPRESSED$bPreliminary Record

