=LDR  01018 am a22003133u 4500
=001  006835659
=003  Uk
=005  20181016173400.0
=008  040421s1994\\\\||||||||||||||||||||chi\|
=100  1\$aChen Jianmin (Youxian)
=250  \\$aQu gong zhai zhong wen xiao ce cong shu 24
=260  \\$aTaiping (Perak)/Malaysia#$bDr. Yutang Lin$c1994
=336  \\$atext$2rdacontent
=337  \\$aunmediated$2rdamedia
=338  \\$avolume$2rdacarrier
=490  0\$aChinese religions: Buddhism/modern
=852  41$aBritish Library$bOC$jCHI1995a364
=957  \\$r22/02/1995
=AQN  \\$aE84
=CAT  \\$aCONV$b00$c20040502$lBLL01$h1200
=CAT  \\$aBATCH$b00$c20091207$lBLL01$h0307
=CAT  \\$aBATCH$b00$c20091224$lBLL01$h2301
=CAT  \\$aBATCH-UPD$b00$c20121031$lBLL01$h1316
=CAT  \\$aWR12170$c20121116$lBLL01$h1646
=CAT  \\$aW1810-0931$c20181016$lBLL01$h1734
=FMT  \\$a  BK
=LAS  \\$aW1810-0931$b00$c20181016$lBLL01$h1734
=SRC  \\$aMOP02$bbibm2.200404.2.aa
=STA  \\$aSUPPRESSED$bPreliminary Record

