=LDR  01048 am a22003013u 4500
=001  006838947
=003  Uk
=005  20190614183226.0
=008  040421sMar.1979\\\\||||||||||||||||jpn||
=100  1\$aKokuritsu Kokkai Toshokan Shibu Toyo Bunko (ed.)
=250  \\$aZoho Toyo Bunko Chosenbon Bunrui Mokuroku
=260  \\$aTokyo$bKokuritsu Kokkai Toshokan$cMar.1979
=336  \\$atext$2rdacontent
=337  \\$aunmediated$2rdamedia
=338  \\$avolume$2rdacarrier
=852  41$aBritish Library$bOC$j16124f8a
=883  0\$aLanguage codes assigned by Bayesian analysis of words present in record$d20181024$qUk$c0.997
=957  \\$r16/08/1995
=AQN  \\$aE95
=CAT  \\$aCONV$b00$c20040502$lBLL01$h1200
=CAT  \\$aBATCH$b00$c20091207$lBLL01$h0307
=CAT  \\$aBATCH-UPD$b00$c20121031$lBLL01$h1316
=CAT  \\$aWR12170$c20121116$lBLL01$h1646
=CAT  \\$aW1903-1550$b00$c20190614$lBLL01$h1832
=FMT  \\$a  BK
=LAS  \\$aW1903-1550$b00$c20190614$lBLL01$h1832
=SRC  \\$aMOP02$bbibm2.200404.2.aa
=STA  \\$aSUPPRESSED$bPreliminary Record

