=LDR  01134 am a22003373u 4500
=001  006841686
=003  Uk
=005  20201017084414.0
=008  040421s1985\[1981]\\\\|||||||||||||chi||
=100  1\$aNan Huaiqin
=250  \\$aShan ben yi jing
=260  \\$aTaibei$bLao gu wen hua shi ye$c1985 [1981]
=336  \\$atext$2rdacontent
=337  \\$aunmediated$2rdamedia
=338  \\$avolume$2rdacarrier
=490  0\$aYi jing shan ben
=852  41$aBritish Library$bOC$jCHI1996a68
=883  0\$aLanguage codes assigned by Bayesian analysis of words present in record$d20200826$qUk$c0.9919
=957  \\$r10/01/1996
=985  \\$aUpgraded by BSS-generated file for WR2009-0365
=AQN  \\$aE84
=CAT  \\$aCONV$b00$c20040502$lBLL01$h1200
=CAT  \\$aBATCH$b00$c20091207$lBLL01$h0307
=CAT  \\$aBATCH$b00$c20091224$lBLL01$h2302
=CAT  \\$aBATCH-UPD$b00$c20121031$lBLL01$h1316
=CAT  \\$aWR12170$c20121116$lBLL01$h1647
=CAT  \\$aW2009-0365$b00$c20201017$lBLL01$h0844
=FMT  \\$a  BK
=LAS  \\$aW2009-0365$b00$c20201017$lBLL01$h0844
=SRC  \\$aMOP02$bbibm2.200404.2.aa
=STA  \\$aSUPPRESSED$bPreliminary Record

