=LDR  00925 am a22003013u 4500
=001  006842424
=003  Uk
=005  20181016173500.0
=008  040421s1990\\\\||||||||||||||||||||ori\|
=100  1\$aMahanta Adikanda
=260  \\$aCuttack$bPhrendas Publ.$c1990
=336  \\$atext$2rdacontent
=337  \\$aunmediated$2rdamedia
=338  \\$avolume$2rdacarrier
=490  0\$aUttara Odisara Lokakatha
=852  41$aBritish Library$bOC$jSAC1996a392
=957  \\$r05/02/1996
=AQN  \\$aE74
=CAT  \\$aCONV$b00$c20040502$lBLL01$h1200
=CAT  \\$aBATCH$b00$c20091207$lBLL01$h0308
=CAT  \\$aBATCH$b00$c20091224$lBLL01$h2302
=CAT  \\$aBATCH-UPD$b00$c20121031$lBLL01$h1317
=CAT  \\$aWR12170$c20121116$lBLL01$h1647
=CAT  \\$aW1810-0931$c20181016$lBLL01$h1735
=FMT  \\$a  BK
=LAS  \\$aW1810-0931$b00$c20181016$lBLL01$h1735
=SRC  \\$aMOP02$bbibm2.200404.2.aa
=STA  \\$aSUPPRESSED$bPreliminary Record

=LDR  00743 am a22002533u 4500
=001  006849571
=003  Uk
=005  20181016173500.0
=008  040421s\\\\\\\\||||||||||||||||||||kan\|
=336  \\$atext$2rdacontent
=337  \\$aunmediated$2rdamedia
=338  \\$avolume$2rdacarrier
=852  41$aBritish Library$bOC
=957  \\$r22/01/1997
=AQN  \\$aE77
=CAT  \\$aCONV$b00$c20040502$lBLL01$h1201
=CAT  \\$aBATCH$b00$c20091207$lBLL01$h0309
=CAT  \\$aBATCH-UPD$b00$c20121031$lBLL01$h1318
=CAT  \\$aWR12170$c20121116$lBLL01$h1649
=CAT  \\$aW1810-0931$c20181016$lBLL01$h1735
=FMT  \\$a  BK
=LAS  \\$aW1810-0931$b00$c20181016$lBLL01$h1735
=SRC  \\$aMOP02$bbibm2.200404.2.aa
=STA  \\$aSUPPRESSED$bPreliminary Record

=LDR  00834 am a22002773u 4500
=001  006854270
=003  Uk
=005  20181016173500.0
=008  040421s1996\\\\||||||||||||||||||||chi\|
=020  \\$a9620413601
=260  \\$aHong Kong$bSan lian shu dian$c1996
=336  \\$atext$2rdacontent
=337  \\$aunmediated$2rdamedia
=338  \\$avolume$2rdacarrier
=852  41$aBritish Library$bOC$jCHI1997a813
=957  \\$r18/11/1997
=AQN  \\$aE84
=CAT  \\$aCONV$b00$c20040502$lBLL01$h1201
=CAT  \\$aBATCH$b00$c20091207$lBLL01$h0309
=CAT  \\$aBATCH-UPD$b00$c20121031$lBLL01$h1318
=CAT  \\$aWR12170$c20121116$lBLL01$h1650
=CAT  \\$aW1810-0931$c20181016$lBLL01$h1735
=FMT  \\$a  BK
=LAS  \\$aW1810-0931$b00$c20181016$lBLL01$h1735
=SRC  \\$aMOP02$bbibm2.200404.2.aa
=STA  \\$aSUPPRESSED$bPreliminary Record

=LDR  00743 am a22002533u 4500
=001  006857622
=003  Uk
=005  20181016173500.0
=008  040421s\\\\\\\\||||||||||||||||||||hin\|
=336  \\$atext$2rdacontent
=337  \\$aunmediated$2rdamedia
=338  \\$avolume$2rdacarrier
=852  41$aBritish Library$bOC
=957  \\$r17/04/1998
=AQN  \\$aE71
=CAT  \\$aCONV$b00$c20040502$lBLL01$h1201
=CAT  \\$aBATCH$b00$c20091207$lBLL01$h0310
=CAT  \\$aBATCH-UPD$b00$c20121031$lBLL01$h1319
=CAT  \\$aWR12170$c20121116$lBLL01$h1651
=CAT  \\$aW1810-0931$c20181016$lBLL01$h1735
=FMT  \\$a  BK
=LAS  \\$aW1810-0931$b00$c20181016$lBLL01$h1735
=SRC  \\$aMOP02$bbibm2.200404.2.aa
=STA  \\$aSUPPRESSED$bPreliminary Record

