=LDR  00981 am a2200325ua 4500
=001  007951282
=003  Uk
=005  20091121221000.0
=008  030509s1959\\\\ii\\\\\||\\\\||||\p|bra\\
=019  2\$aioln23758
=040  \\$aUk$cUk
=100  0\$aBhūshaṇ.
=260  \\$aĀgarā :$bK. M. Hindī tathā Bhāshāvijñāna Vidyāpīṭha Āgarā Yunivarsiṭī,$c1959.
=300  \\$a[3], 95 p. ;$c22 cm.
=336  \\$atext$2rdacontent
=337  \\$aunmediated$2rdamedia
=338  \\$avolume$2rdacarrier
=650  \0$aBraj poetry$y1500-1800.
=700  1\$aPrasād, Viśvanāth.
=852  41$aBritish Library$bOC$jHin D 5200
=886  2\$2blmarc$a967$b00$gx
=957  \\$andp
=CAT  \\$aCONV$b00$c20040425$lBLL90$h0732
=CAT  \\$aCONV$b00$c20040502$lBLL01$h1236
=CAT  \\$aBATCH$b00$c20091121$lBLL01$h2210
=FIN  \\$aY
=FMT  \\$a  BK
=LAS  \\$aBATCH$b00$c20091121$lBLL01$h2210
=LEO  \\$aMP13.0000546564
=SRC  \\$aHSS01$bbibmp13.200404.2.ab

=LDR  00930 am a2200313ua 4500
=001  007952821
=003  Uk
=005  20091121221100.0
=008  850910s1963\\\\pk\\\\\||\\\\||||\p|pus\\
=019  2\$aiolp00200
=040  \\$aUk$cUk
=260  \\$a[Peṣhawar] :$bPaṣhto Akeḍemī, Peṣhawar Yūnīwarsiṭī,$c1963.
=300  \\$a284p. ;$c21cm.
=336  \\$atext$2rdacontent
=337  \\$aunmediated$2rdamedia
=338  \\$avolume$2rdacarrier
=650  \0$aPushto poetry.
=852  41$aBritish Library$bOC$jPashto D 167
=852  41$aBritish Library$bOC$j14163.f.19$3[Another copy.]
=886  2\$2blmarc$a967$b00$gx
=975  \\$aT
=CAT  \\$aCONV$b00$c20040425$lBLL90$h0732
=CAT  \\$aCONV$b00$c20040502$lBLL01$h1236
=CAT  \\$aBATCH$b00$c20091121$lBLL01$h2211
=FIN  \\$aY
=FMT  \\$a  BK
=LAS  \\$aBATCH$b00$c20091121$lBLL01$h2211
=LEO  \\$aMP13.0000548163
=SRC  \\$aHSS01$bbibmp13.200404.2.ab

