=LDR  01006 am a2200337ua 4500
=001  007956530
=003  Uk
=005  20091121221300.0
=008  870310s1983\\\\pk\\\\\||\\\\||||\||urd\\
=019  2\$aiolu01658
=040  \\$aUk$cUk
=100  0\$aAshfāq Aḥmad,$d1925-2004.
=250  \\$a[2nd ed.]
=260  \\$aIslāmābād :$bVazārat-i It̤ilāʿāt va Nashriyāt,$c1983.
=300  \\$a56p.
=336  \\$atext$2rdacontent
=337  \\$aunmediated$2rdamedia
=338  \\$avolume$2rdacarrier
=651  \0$aPakistan$xHistory.
=852  41$aBritish Library$bOC$jUrdu.D.9562
=886  2\$2blmarc$a967$b00$gx
=CAT  \\$aCONV$b00$c20040425$lBLL90$h0732
=CAT  \\$aCONV$b00$c20040502$lBLL01$h1236
=CAT  \\$a5194$b40$c20080116$lBLL01$h1221
=CAT  \\$aBATCH-UPD$b40$c20081024$lBLL01$h0450
=CAT  \\$aBATCH$b00$c20091121$lBLL01$h2213
=FIN  \\$aY
=FMT  \\$a  BK
=LAS  \\$aBATCH$b00$c20091121$lBLL01$h2213
=LEO  \\$aMP13.0000552039
=SRC  \\$aHSS01$bbibmp13.200404.2.ab

