=LDR  01120cam a2200361ua 4500
=001  010604972
=003  Uk
=005  20221010232800.0
=008  820615s1979\\\\ii\\\\\||\\\\||||\1|urd\\
=019  2\$aompu0426
=040  \\$aUk$cUk
=100  0\$aRaẓiyah Jamīl.
=260  \\$aDihlī :$bAdabī Dunyā,$c1979.
=300  \\$a487p. ;$c19cm.
=336  \\$atext$2rdacontent
=337  \\$aunmediated$2rdamedia
=338  \\$avolume$2rdacarrier
=500  \\$aTitle also given in Roman characters on t.p.
=650  \0$aUrdu fiction$y20th century.
=852  41$aBritish Library$bOC$j14112.h.484
=886  2\$2ukmarc$a900$b00$aRazia Jamil$xSee$aRaz̤iyah Jamīl$z100
=886  2\$2blmarc$a967$b00$gx
=957  \\$a800701p
=CAT  \\$aCONV$b00$c20040425$lBLL90$h0739
=CAT  \\$aCONV$b00$c20040502$lBLL01$h1405
=CAT  \\$aBATCH$b00$c20091122$lBLL01$h1511
=CAT  \\$aBATCH-UPD$b00$c20101027$lBLL01$h1530
=CAT  \\$aBATCH-UPD$b00$c20221010$lBLL01$h2328
=FIN  \\$aY
=FMT  \\$a  BK
=LAS  \\$aBATCH-UPD$b00$c20221010$lBLL01$h2328
=LEO  \\$aMP13.0000813824
=SRC  \\$aHSS01$bbibmp13.200404.2.ab

=LDR  00820 am a2200301ua 4500
=001  010605124
=003  Uk
=005  20091122151100.0
=008  820811s1976\\\\pk\\\\\||\\\\||||\p|pan\\
=019  2\$aompu0596
=040  \\$aUk$cUk
=300  \\$a160p. ;$c22cm.
=336  \\$atext$2rdacontent
=337  \\$aunmediated$2rdamedia
=338  \\$avolume$2rdacarrier
=650  \0$aPanjabi poetry$y1947-.
=650  \0$aGhazals, Panjabi.
=852  41$aBritish Library$bOC$j14162.fff.147
=886  2\$2blmarc$a967$b00$gx
=957  \\$a760601p
=CAT  \\$aCONV$b00$c20040425$lBLL90$h0739
=CAT  \\$aCONV$b00$c20040502$lBLL01$h1405
=CAT  \\$aBATCH$b00$c20091122$lBLL01$h1511
=FIN  \\$aY
=FMT  \\$a  BK
=LAS  \\$aBATCH$b00$c20091122$lBLL01$h1511
=LEO  \\$aMP13.0000813993
=SRC  \\$aHSS01$bbibmp13.200404.2.ab

=LDR  00851 am a2200301ua 4500
=001  010611670
=003  Uk
=005  20091122151400.0
=008  040407s192u\\\\pk\\\\\||\\\\||||\||snd\\
=019  2\$aompu7451
=040  \\$aUk$cUk
=260  \\$a[Sakhar, Sindhu :$bHemandāsu D̤īʾosinghu,$c192-?]
=300  \\$a16 p. ;$c16 cm.
=336  \\$atext$2rdacontent
=337  \\$aunmediated$2rdamedia
=338  \\$avolume$2rdacarrier
=650  \0$aBhajans, Sindhi.
=852  41$aBritish Library$bOC$jSind.B.1089
=886  2\$2blmarc$a967$b00$gx
=957  \\$a301030p
=CAT  \\$aCONV$b00$c20040425$lBLL90$h0739
=CAT  \\$aCONV$b00$c20040502$lBLL01$h1406
=CAT  \\$aBATCH$b00$c20091122$lBLL01$h1514
=FIN  \\$aY
=FMT  \\$a  BK
=LAS  \\$aBATCH$b00$c20091122$lBLL01$h1514
=LEO  \\$aMP13.0000820734
=SRC  \\$aHSS01$bbibmp13.200404.2.ab

