=LDR  00909 am a22002773u 4500
=001  012179480
=003  Uk
=005  20181016173900.0
=008  040421s1992\\\\||||||||||||||||||||tha\|
=100  0\$aSirikit,$cQueen, consort of Bhumibol Adulyadej, King of Thailand,$d1932-
=260  \\$aBangkok$bQueen s Birthday commission$c1992
=336  \\$atext$2rdacontent
=337  \\$aunmediated$2rdamedia
=338  \\$avolume$2rdacarrier
=852  41$aBritish Library$bOC$jSEA.1994.a.193
=957  \\$r27/04/1994
=AQN  \\$aE86
=CAT  \\$aCONV$b00$c20040425$lBLL90$h0915
=CAT  \\$aCONV$b00$c20040502$lBLL01$h1458
=CAT  \\$a4039$b40$c20071120$lBLL01$h1832
=CAT  \\$aBATCH$b00$c20091210$lBLL01$h2213
=CAT  \\$aBATCH-UPD$b00$c20130819$lBLL01$h2117
=CAT  \\$aW1810-0931$c20181016$lBLL01$h1739
=FMT  \\$a  BK
=LAS  \\$aW1810-0931$b00$c20181016$lBLL01$h1739
=SRC  \\$aMOP02$bbibm2.200404.2.aa

