=LDR  01006 cm a22003017  4500
=001  013670286
=003  Uk
=005  20150913161700.0
=008  930317||||||||||||\\\\\\\\\\||\|||\und|\
=082  14$a780$215
=100  1\$aFrank, Alan.
=300  00$pfol
=336  \\$anotated music$2rdacontent
=337  \\$aunmediated$2rdamedia
=338  \\$avolume$2rdacarrier
=490  0\$aThurston(F. J.) and Frank(A. C.) The Clarinet. A comprehensive method for the Boehm clarinet ... Third edition,etc.1979.
=597  \\$a087$b00$ag.1635.e.(2.)
=CAT  \\$awr315$b40$c20070213$lBLL01$h1254
=CAT  \\$aBATCH$b00$c20091225$lBLL01$h0203
=CAT  \\$a12179$b40$c20120619$lBLL01$h0856
=CAT  \\$aBATCH-UPD$b40$c20120619$lBLL01$h0856
=CAT  \\$aWR12-140$c20121030$lBLL01$h1051
=CAT  \\$aWR15_100$c20150913$lBLL01$h1617
=FMT  \\$a  MU
=LAS  \\$aWR15_100$b00$c20150913$lBLL01$h1617
=LEO  \\$aCPMR.0000000400
=SRC  \\$aCPMR$bcpmr_bibs_fix2
=STA  \\$aSUPPRESSED$bCat. Printed Music Rejects Load

