=LDR  01088 cm a22003257  4500
=001  013670290
=003  Uk
=005  20210506151050.0
=008  930318||||||||||||\\\\\\\\\\||\|||\eng|\
=082  14$a780$215
=100  0\$aHarrison, Annie Fortescue$bLady
=240  10$aIn the Moonlight
=260  00$c[1883]
=300  00$pfol
=336  \\$anotated music$2rdacontent
=337  \\$aunmediated$2rdamedia
=338  \\$avolume$2rdacarrier
=490  0\$aCrowe(A. G.) In the moonlight. Waltz on Lady A. Hill's ... Song
=597  \\$a087$b00$ah.975.p.(24.)
=883  0\$aLanguage codes assigned by Bayesian analysis of words present in record$d20210115$qUk$c0.9450
=CAT  \\$awr315$b40$c20070213$lBLL01$h1254
=CAT  \\$aBATCH$b00$c20091225$lBLL01$h0203
=CAT  \\$aWR12-140$c20121030$lBLL01$h1050
=CAT  \\$aWR15_100$c20150913$lBLL01$h1617
=CAT  \\$aW2102-0046$b00$c20210506$lBLL01$h1510
=FMT  \\$a  MU
=LAS  \\$aW2102-0046$b00$c20210506$lBLL01$h1510
=LEO  \\$aCPMR.0000000812
=SRC  \\$aCPMR$bcpmr_bibs_fix2
=STA  \\$aSUPPRESSED$bCat. Printed Music Rejects Load

