=LDR  00975 cm a22003137  4500
=001  013670302
=003  Uk
=005  20160406165000.0
=008  930317||||||||||||\\\\\\\\\\||\|||\und|\
=082  14$a780$215
=100  1\$aGoudimel, Claude,$d-1572.
=240  10$aPsalm 124
=300  00$pobl. fol
=336  \\$anotated music$2rdacontent
=337  \\$aunmediated$2rdamedia
=338  \\$avolume$2rdacarrier
=490  0\$aDuncan(W. E.) Prelude on Goudimel's "Toulon" (1902.)
=597  \\$a087$b00$af.312.
=CAT  \\$awr315$b40$c20070213$lBLL01$h1254
=CAT  \\$aBATCH$b00$c20091225$lBLL01$h0203
=CAT  \\$aWR12-140$c20121030$lBLL01$h1051
=CAT  \\$aWR15_100$c20150913$lBLL01$h1617
=CAT  \\$a8870$b40$c20160406$lBLL01$h1650
=CAT  \\$aBATCH-UPD$b40$c20160406$lBLL01$h1650
=FMT  \\$a  MU
=LAS  \\$aBATCH-UPD$b40$c20160406$lBLL01$h1650
=LEO  \\$aCPMR.0000000607
=SRC  \\$aCPMR$bcpmr_bibs_fix2
=STA  \\$aSUPPRESSED$bCat. Printed Music Rejects Load

