=LDR  00986 cm a22003137  4500
=001  013670315
=003  Uk
=005  20171213131500.0
=008  930318||||||||||||\\\\\\\\\\||\|||\und|\
=082  14$a780$215
=100  1\$aGuiraud, Ernest,$d1837-1892.
=240  10$aGalante Aventure
=300  00$pfol
=336  \\$anotated music$2rdacontent
=337  \\$aunmediated$2rdamedia
=338  \\$avolume$2rdacarrier
=490  0\$aMonfort(B. de) Galante Aventure ... polka. [1882.]
=597  \\$a087$b00$ah.3276.h.(13.)
=CAT  \\$awr315$b40$c20070213$lBLL01$h1254
=CAT  \\$aBATCH$b00$c20091225$lBLL01$h0203
=CAT  \\$aWR12-140$c20121030$lBLL01$h1051
=CAT  \\$aWR15_100$c20150913$lBLL01$h1617
=CAT  \\$a8870$b40$c20171213$lBLL01$h1314
=CAT  \\$aBATCH-UPD$b40$c20171213$lBLL01$h1315
=FMT  \\$a  MU
=LAS  \\$aBATCH-UPD$b40$c20171213$lBLL01$h1315
=LEO  \\$aCPMR.0000000711
=SRC  \\$aCPMR$bcpmr_bibs_fix2
=STA  \\$aSUPPRESSED$bCat. Printed Music Rejects Load

