=LDR  00930 cm a22002897  4500
=001  013670321
=003  Uk
=005  20150913161700.0
=008  930402||||||||||||\\\\\\\\\\||\|||\und|\
=082  14$a780$215
=100  0\$aWilson, Henry James Lane
=240  10$aCarmeña
=300  00$pfol
=336  \\$anotated music$2rdacontent
=337  \\$aunmediated$2rdamedia
=338  \\$avolume$2rdacarrier
=490  0\$aDistin (T.) the Younger. Carmeña. Mandoline Solo ... arranged on the ... Waltz ... by H. L. Wilson. [1892.]
=597  \\$a087$b00$ah.188.a.(1.)
=CAT  \\$awr315$b40$c20070213$lBLL01$h1254
=CAT  \\$aBATCH$b00$c20091225$lBLL01$h0203
=CAT  \\$aWR12-140$c20121030$lBLL01$h1051
=CAT  \\$aWR15_100$c20150913$lBLL01$h1617
=FMT  \\$a  MU
=LAS  \\$aWR15_100$b00$c20150913$lBLL01$h1617
=LEO  \\$aCPMR.0000001432
=SRC  \\$aCPMR$bcpmr_bibs_fix2
=STA  \\$aSUPPRESSED$bCat. Printed Music Rejects Load

