=LDR  01055 cm a22003017  4500
=001  013670325
=003  Uk
=005  20150913161700.0
=008  930317||||||||||||\\\\\\\\\\||\|||\und|\
=082  14$a780$215
=100  1\$aFranz, Robert,$d1815-1892.
=300  00$pfol
=336  \\$anotated music$2rdacontent
=337  \\$aunmediated$2rdamedia
=338  \\$avolume$2rdacarrier
=490  0\$aBach(J. S.) Joh. Seb. Bach's Passionsmusik nach dem Evangelisten Matthäus mit ausgeführtem Accompagnement bearbeitet von R. Franz,etc. [1867.]
=597  \\$a087$b00$aHirsch iv .678.$mH
=CAT  \\$awr315$b40$c20070213$lBLL01$h1254
=CAT  \\$aBATCH-UPD$b40$c20070213$lBLL01$h1256
=CAT  \\$aBATCH$b00$c20091225$lBLL01$h0203
=CAT  \\$aBATCH-UPD$b00$c20120619$lBLL01$h0935
=CAT  \\$aWR12-140$c20121030$lBLL01$h1051
=CAT  \\$aWR15_100$c20150913$lBLL01$h1617
=FMT  \\$a  MU
=LAS  \\$aWR15_100$b00$c20150913$lBLL01$h1617
=LEO  \\$aCPMR.0000000403
=SRC  \\$aCPMR$bcpmr_bibs_fix2
=STA  \\$aSUPPRESSED$bCat. Printed Music Rejects Load

