=LDR  01001 cm a22003017  4500
=001  013670327
=003  Uk
=005  20160406165000.0
=008  930317||||||||||||\\\\\\\\\\||\|||\und|\
=082  14$a780$215
=100  1\$aGoudimel, Claude,$d-1572.
=300  00$p8
=336  \\$anotated music$2rdacontent
=337  \\$aunmediated$2rdamedia
=338  \\$avolume$2rdacarrier
=490  0\$aRonsard(P. de) [Les Amours de P. de Ronsard ... With musical settings by ... C. Goudimel,etc.] 1552.
=597  \\$a087$b00$aC.57.a.31.(1.)$mC
=CAT  \\$awr315$b40$c20070213$lBLL01$h1254
=CAT  \\$aBATCH$b00$c20091225$lBLL01$h0203
=CAT  \\$aWR12-140$c20121030$lBLL01$h1051
=CAT  \\$aWR15_100$c20150913$lBLL01$h1617
=CAT  \\$a8870$b40$c20160406$lBLL01$h1650
=CAT  \\$aBATCH-UPD$b40$c20160406$lBLL01$h1650
=FMT  \\$a  MU
=LAS  \\$aBATCH-UPD$b40$c20160406$lBLL01$h1650
=LEO  \\$aCPMR.0000000609
=SRC  \\$aCPMR$bcpmr_bibs_fix2
=STA  \\$aSUPPRESSED$bCat. Printed Music Rejects Load

