=LDR  00889 cm a22002777  4500
=001  013670332
=003  Uk
=005  20180810120800.0
=008  930322||||||||||||\\\\\\\\\\||\|||\und|\
=082  14$a780$215
=100  1\$aLoomis, Harvey Worthington,$d1865-1930.
=240  10$aIn the Treble Clef. Six Pieces for the P. F
=336  \\$anotated music$2rdacontent
=337  \\$aunmediated$2rdamedia
=338  \\$avolume$2rdacarrier
=597  \\$a087$b00$ah.3282.xx.(2.)
=CAT  \\$awr315$b40$c20070213$lBLL01$h1254
=CAT  \\$aWR12-140$c20121030$lBLL01$h1051
=CAT  \\$aWR15_100$c20150913$lBLL01$h1617
=CAT  \\$a11814$b40$c20180810$lBLL01$h1207
=CAT  \\$aBATCH-UPD$b40$c20180810$lBLL01$h1208
=FMT  \\$a  MU
=LAS  \\$aBATCH-UPD$b40$c20180810$lBLL01$h1208
=LEO  \\$aCPMR.0000001124
=SRC  \\$aCPMR$bcpmr_bibs_fix2
=STA  \\$aSUPPRESSED$bCat. Printed Music Rejects Load

