=LDR  00884 cm a22002777  4500
=001  013670346
=003  Uk
=005  20161202155300.0
=008  930329||||||||||||\\\\\\\\\\||\|||\und|\
=082  14$a780$215
=100  1\$aSlaughter, Walter,$d1860-1908.
=240  10$aLady Tatters. 28 detached vocal and instrumental no
=336  \\$anotated music$2rdacontent
=337  \\$aunmediated$2rdamedia
=338  \\$avolume$2rdacarrier
=597  \\$a087$b00$aF.888.c.$mF
=CAT  \\$awr315$b40$c20070213$lBLL01$h1254
=CAT  \\$aWR12-140$c20121030$lBLL01$h1051
=CAT  \\$aWR15_100$c20150913$lBLL01$h1617
=CAT  \\$a5194$b40$c20161202$lBLL01$h1553
=CAT  \\$aBATCH-UPD$b40$c20161202$lBLL01$h1553
=FMT  \\$a  MU
=LAS  \\$aBATCH-UPD$b40$c20161202$lBLL01$h1553
=LEO  \\$aCPMR.0000001331
=SRC  \\$aCPMR$bcpmr_bibs_fix2
=STA  \\$aSUPPRESSED$bCat. Printed Music Rejects Load

