=LDR  01044 cm a22003137  4500
=001  013670350
=003  Uk
=005  20150913161700.0
=008  930317||||||||||||\\\\\\\\\\||\|||\und|\
=082  14$a780$215
=100  1\$aFaulkes, William,$d1863-1933.
=260  00$c[1913]
=300  00$pfol
=336  \\$anotated music$2rdacontent
=337  \\$aunmediated$2rdamedia
=338  \\$avolume$2rdacarrier
=490  0\$aFriml(R.) [3 Morceaux pour Piano. Op. 36. No. 2. Crépuscule.] Twilight ... Transcribed (for the Organ) by W. Faulkes
=597  \\$a087$b00$ah.2735.a.(21.)
=CAT  \\$awr315$b40$c20070213$lBLL01$h1254
=CAT  \\$aBATCH$b00$c20091225$lBLL01$h0203
=CAT  \\$aWR12-140$c20121030$lBLL01$h1050
=CAT  \\$a8870$b40$c20140320$lBLL01$h1706
=CAT  \\$aBATCH-UPD$b40$c20140320$lBLL01$h1707
=CAT  \\$aWR15_100$c20150913$lBLL01$h1617
=FMT  \\$a  MU
=LAS  \\$aWR15_100$b00$c20150913$lBLL01$h1617
=LEO  \\$aCPMR.0000000302
=SRC  \\$aCPMR$bcpmr_bibs_fix2
=STA  \\$aSUPPRESSED$bCat. Printed Music Rejects Load

