=LDR  00919 cm a22002777  4500
=001  013670355
=003  Uk
=005  20190403170600.0
=008  930318||||||||||||\\\\\\\\\\||\|||\und|\
=082  14$a780$215
=100  1\$aHarriss, Charles A. E.$q(Charles Albert Edwin),$d1862-1929.
=240  10$aTorquil. Parts of a cantata. Libretto by E. Oxenford
=336  \\$anotated music$2rdacontent
=337  \\$aunmediated$2rdamedia
=338  \\$avolume$2rdacarrier
=597  \\$a087$b00$aF.1270.k.(2.)$mF
=CAT  \\$awr315$b40$c20070213$lBLL01$h1254
=CAT  \\$aWR12-140$c20121030$lBLL01$h1051
=CAT  \\$aWR15_100$c20150913$lBLL01$h1617
=CAT  \\$a8870$b40$c20190403$lBLL01$h1705
=CAT  \\$aBATCH-UPD$b40$c20190403$lBLL01$h1706
=FMT  \\$a  MU
=LAS  \\$aBATCH-UPD$b40$c20190403$lBLL01$h1706
=LEO  \\$aCPMR.0000000817
=SRC  \\$aCPMR$bcpmr_bibs_fix2
=STA  \\$aSUPPRESSED$bCat. Printed Music Rejects Load

