=LDR  01093 cm a22003137  4500
=001  013670356
=003  Uk
=005  20170920115800.0
=008  930318||||||||||||\\\\\\\\\\||\|||\und|\
=082  14$a780$215
=100  1\$aHellinck, Lupus,$d-1541.
=240  10$aPanis quem ego dabo
=300  00$p4.̊
=336  \\$anotated music$2rdacontent
=337  \\$aunmediated$2rdamedia
=338  \\$avolume$2rdacarrier
=490  0\$aLeRoy(Bartholomeo) Una Messa a quattro sopra Panis quem ego dabo tibi, de Lupo,etc.1585. [Masses. Di M. Giovanni Pierluigi da Palestrina una messa, etc.]
=597  \\$a087$b00$aR.M.15.e.1.(1.)$mR
=CAT  \\$awr315$b40$c20070213$lBLL01$h1254
=CAT  \\$aBATCH$b00$c20091225$lBLL01$h0203
=CAT  \\$aWR12-140$c20121030$lBLL01$h1051
=CAT  \\$aWR15_100$c20150913$lBLL01$h1617
=CAT  \\$a8870$b40$c20170920$lBLL01$h1158
=CAT  \\$aBATCH-UPD$b40$c20170920$lBLL01$h1158
=FMT  \\$a  MU
=LAS  \\$aBATCH-UPD$b40$c20170920$lBLL01$h1158
=LEO  \\$aCPMR.0000000920
=SRC  \\$aCPMR$bcpmr_bibs_fix2
=STA  \\$aSUPPRESSED$bCat. Printed Music Rejects Load

