=LDR  00955 cm a22003017  4500
=001  013670361
=003  Uk
=005  20150913161700.0
=008  930402||||||||||||\\\\\\\\\\||\|||\und|\
=082  14$a780$215
=100  1\$aWilson, Hugh.
=240  10$aMartyrdom
=300  00$p8
=336  \\$anotated music$2rdacontent
=337  \\$aunmediated$2rdamedia
=338  \\$avolume$2rdacarrier
=490  0\$aKitson (C. H.) O God of Bethel. [Anthem.] ... On "Martyrdom." [Melody by H. Wilson.] 1924.
=597  \\$a087$b00$aF.946.c.(66.)$mF
=CAT  \\$awr315$b40$c20070213$lBLL01$h1254
=CAT  \\$aBATCH$b00$c20091225$lBLL01$h0203
=CAT  \\$aWR12-140$c20121030$lBLL01$h1051
=CAT  \\$aBATCH-UPD$b00$c20141219$lBLL01$h1313
=CAT  \\$aWR15_100$c20150913$lBLL01$h1617
=FMT  \\$a  MU
=LAS  \\$aWR15_100$b00$c20150913$lBLL01$h1617
=LEO  \\$aCPMR.0000001435
=SRC  \\$aCPMR$bcpmr_bibs_fix2
=STA  \\$aSUPPRESSED$bCat. Printed Music Rejects Load

