=LDR  01076 cm a22003257  4500
=001  013670364
=003  Uk
=005  20190912155600.0
=008  930317||||||||||||\\\\\\\\\\||\|||\und|\
=082  14$a780$215
=100  0\$aFawcett, John,$d1789-1867.$cthe Elder
=300  00$pfol
=336  \\$anotated music$2rdacontent
=337  \\$aunmediated$2rdamedia
=338  \\$avolume$2rdacarrier
=490  0\$aGildon(J.) [The jubilee rondo.] New edition fingered by Fawcett,etc.[1859.]
=597  \\$a087$b00$ah.785.d.(9.)
=CAT  \\$awr315$b40$c20070213$lBLL01$h1254
=CAT  \\$aBATCH$b00$c20091225$lBLL01$h0203
=CAT  \\$aWR12-140$c20121030$lBLL01$h1051
=CAT  \\$aWR15_100$c20150913$lBLL01$h1617
=CAT  \\$a12274$b40$c20190912$lBLL01$h1315
=CAT  \\$a12274$b40$c20190912$lBLL01$h1318
=CAT  \\$a12274$b40$c20190912$lBLL01$h1319
=CAT  \\$a12274$b40$c20190912$lBLL01$h1556
=FMT  \\$a  MU
=LAS  \\$a12274$b40$c20190912$lBLL01$h1556
=LEO  \\$aCPMR.0000000303
=SRC  \\$aCPMR$bcpmr_bibs_fix2
=STA  \\$aSUPPRESSED$bCat. Printed Music Rejects Load

