=LDR  01078 cm a22003017  4500
=001  013670365
=003  Uk
=005  20150913161700.0
=008  930317||||||||||||\\\\\\\\\\||\|||\und|\
=082  14$a780$215
=100  1\$aFreillon-Poncein, Jean-Pierre.
=240  10$aLa véritable manière d'apprendre à jouer
=300  00$p4
=336  \\$anotated music$2rdacontent
=337  \\$aunmediated$2rdamedia
=338  \\$avolume$2rdacarrier
=490  0\$aBang(Betty) and Lasocki(David) Preludes [by J. P. Freillon-Poncein and J. Hotteterre le Romain]. For solo treble recorder. Edited by B. Bang and D. Lasocki. 1968.
=597  \\$a087$b00$ag.109.ee.(3.)
=CAT  \\$awr315$b40$c20070213$lBLL01$h1254
=CAT  \\$aBATCH$b00$c20091225$lBLL01$h0203
=CAT  \\$aBATCH-UPD$b00$c20110830$lBLL01$h2032
=CAT  \\$aWR12-140$c20121030$lBLL01$h1051
=CAT  \\$aWR15_100$c20150913$lBLL01$h1617
=FMT  \\$a  MU
=LAS  \\$aWR15_100$b00$c20150913$lBLL01$h1617
=LEO  \\$aCPMR.0000000406
=SRC  \\$aCPMR$bcpmr_bibs_fix2
=STA  \\$aSUPPRESSED$bCat. Printed Music Rejects Load

