=LDR  01098 cm a22003137  4500
=001  013670370
=003  Uk
=005  20170607120500.0
=008  930318||||||||||||\\\\\\\\\\||\|||\und|\
=082  14$a780$215
=100  1\$aHelmont, Charles Joseph van,$d1715-1790.
=240  10$aPièces de clavecin
=300  00$pfol.
=336  \\$anotated music$2rdacontent
=337  \\$aunmediated$2rdamedia
=338  \\$avolume$2rdacarrier
=490  0\$aWatelet(J.) Dieudonné Raick, Charles-Joseph van Helmont. Werken voor orgel en/of voor clavecimbel,etc. 1948. [Monumenta Musicaæ Belgicæ. Jaarg. 6.]
=597  \\$a087$b00$aH.15.$mH
=CAT  \\$awr315$b40$c20070213$lBLL01$h1254
=CAT  \\$aBATCH$b00$c20091225$lBLL01$h0203
=CAT  \\$aWR12-140$c20121030$lBLL01$h1051
=CAT  \\$aWR15_100$c20150913$lBLL01$h1617
=CAT  \\$a8870$b40$c20170607$lBLL01$h1204
=CAT  \\$aBATCH-UPD$b40$c20170607$lBLL01$h1205
=FMT  \\$a  MU
=LAS  \\$aBATCH-UPD$b40$c20170607$lBLL01$h1205
=LEO  \\$aCPMR.0000000921
=SRC  \\$aCPMR$bcpmr_bibs_fix2
=STA  \\$aSUPPRESSED$bCat. Printed Music Rejects Load

