=LDR  01055 cm a22003137  4500
=001  013670377
=003  Uk
=005  20150913161700.0
=008  930317||||||||||||\\\\\\\\\\||\|||\und|\
=082  14$a780$215
=100  1\$aFrench, Percy,$d1854-1920.
=240  10$aPhil the Fluter's Ball
=300  00$p8
=336  \\$anotated music$2rdacontent
=337  \\$aunmediated$2rdamedia
=338  \\$avolume$2rdacarrier
=490  0\$aBroadbent(Derek) Phil the Fluter's Ball. [By] Percy French ... Arranged [for brass band] by D. Broadbent,etc. [1977.]
=597  \\$a087$b00$ah.3210.j.(901.)
=CAT  \\$awr315$b40$c20070213$lBLL01$h1254
=CAT  \\$aBATCH$b00$c20091225$lBLL01$h0203
=CAT  \\$aWR12-140$c20121030$lBLL01$h1051
=CAT  \\$a7416$b40$c20140227$lBLL01$h1209
=CAT  \\$aBATCH-UPD$b40$c20140227$lBLL01$h1210
=CAT  \\$aWR15_100$c20150913$lBLL01$h1617
=FMT  \\$a  MU
=LAS  \\$aWR15_100$b00$c20150913$lBLL01$h1617
=LEO  \\$aCPMR.0000000407
=SRC  \\$aCPMR$bcpmr_bibs_fix2
=STA  \\$aSUPPRESSED$bCat. Printed Music Rejects Load

