=LDR  01005 cm a22003137  4500
=001  013670380
=003  Uk
=005  20200305132800.0
=008  930318||||||||||||\\\\\\\\\\||\|||\und|\
=082  14$a780$215
=100  1\$aGung'l, Josef,$d1809-1889.
=240  10$aFour Waltzes. Mandoline and P. F
=300  00$p4
=336  \\$anotated music$2rdacontent
=337  \\$aunmediated$2rdamedia
=338  \\$avolume$2rdacarrier
=490  0\$aTurner(J. A.) Turner's Mandoline Journal,etc. No. 25. [1898,etc.]
=597  \\$a087$b00$af.581.
=CAT  \\$awr315$b40$c20070213$lBLL01$h1254
=CAT  \\$aBATCH$b00$c20091225$lBLL01$h0203
=CAT  \\$aWR12-140$c20121030$lBLL01$h1051
=CAT  \\$aWR15_100$c20150913$lBLL01$h1617
=CAT  \\$a8870$b40$c20200305$lBLL01$h1328
=CAT  \\$aBATCH-UPD$b40$c20200305$lBLL01$h1328
=FMT  \\$a  MU
=LAS  \\$aBATCH-UPD$b40$c20200305$lBLL01$h1328
=LEO  \\$aCPMR.0000000716
=SRC  \\$aCPMR$bcpmr_bibs_fix2
=STA  \\$aSUPPRESSED$bCat. Printed Music Rejects Load

