=LDR  01001 cm a22003137  4500
=001  013670384
=003  Uk
=005  20150913161700.0
=008  930322||||||||||||\\\\\\\\\\||\|||\und|\
=082  14$a780$215
=100  1\$aLotti, Antonio,$d-1740.
=240  10$aMass for T. T. B. In B flat
=336  \\$anotated music$2rdacontent
=337  \\$aunmediated$2rdamedia
=338  \\$avolume$2rdacarrier
=597  \\$a087$b00$aF.1080.(6.)$mF
=985  \\$aRecord amended for WR# 13/070
=CAT  \\$awr315$b40$c20070213$lBLL01$h1254
=CAT  \\$a6491$b40$c20110104$lBLL01$h1141
=CAT  \\$a6491$b40$c20110104$lBLL01$h1148
=CAT  \\$aWR12-140$c20121030$lBLL01$h1051
=CAT  \\$aWR13_070$b00$c20130504$lBLL01$h0250
=CAT  \\$aBATCH-UPD$b00$c20130506$lBLL01$h0440
=CAT  \\$aWR15_100$c20150913$lBLL01$h1617
=FMT  \\$a  MU
=LAS  \\$aWR15_100$b00$c20150913$lBLL01$h1617
=LEO  \\$aCPMR.0000001128
=SRC  \\$aCPMR$bcpmr_bibs_fix2
=STA  \\$aSUPPRESSED$bCat. Printed Music Rejects Load

