=LDR  00882 cm a22002777  4500
=001  013670386
=003  Uk
=005  20150913161700.0
=008  930329||||||||||||\\\\\\\\\\||\|||\und|\
=082  14$a780$215
=100  1\$aSmith, John Stafford,$d1750-1836.
=240  10$aLet happy Lovers fly. Glee for four voices
=336  \\$anotated music$2rdacontent
=337  \\$aunmediated$2rdamedia
=338  \\$avolume$2rdacarrier
=597  \\$a087$b00$aE.205.a.(20.)$mE
=CAT  \\$awr315$b40$c20070213$lBLL01$h1254
=CAT  \\$a7416$b40$c20070607$lBLL01$h1503
=CAT  \\$aBATCH-UPD$b40$c20101103$lBLL01$h2314
=CAT  \\$aWR12-140$c20121030$lBLL01$h1051
=CAT  \\$aWR15_100$c20150913$lBLL01$h1617
=FMT  \\$a  MU
=LAS  \\$aWR15_100$b00$c20150913$lBLL01$h1617
=LEO  \\$aCPMR.0000001334
=SRC  \\$aCPMR$bcpmr_bibs_fix2
=STA  \\$aSUPPRESSED$bCat. Printed Music Rejects Load

