=LDR  01164 cm a22003257  4500
=001  013670387
=003  Uk
=005  20210506151051.0
=008  930402||||||||||||\\\\\\\\\\||\|||\eng|\
=082  14$a780$215
=100  1\$aWinter, Banks.
=240  10$aDear Robin, I'll be true
=300  00$pfol.
=336  \\$anotated music$2rdacontent
=337  \\$aunmediated$2rdamedia
=338  \\$avolume$2rdacarrier
=490  0\$aWarren (W. A.) Dear Robin, I'll be true. Waltz, arranged on B. Winter's ... Song. [1889.] No.7831 of the Musical Bouquet
=597  \\$a087$b00$aH.2345.$mH
=883  0\$aLanguage codes assigned by Bayesian analysis of words present in record$d20210115$qUk$c0.9450
=CAT  \\$awr315$b40$c20070213$lBLL01$h1254
=CAT  \\$aBATCH$b00$c20091225$lBLL01$h0203
=CAT  \\$aWR12-140$c20121030$lBLL01$h1051
=CAT  \\$aWR15_100$c20150913$lBLL01$h1617
=CAT  \\$aBATCH-UPD$b00$c20150913$lBLL01$h1647
=CAT  \\$aW2102-0046$b00$c20210506$lBLL01$h1510
=FMT  \\$a  MU
=LAS  \\$aW2102-0046$b00$c20210506$lBLL01$h1510
=LEO  \\$aCPMR.0000001437
=SRC  \\$aCPMR$bcpmr_bibs_fix2
=STA  \\$aSUPPRESSED$bCat. Printed Music Rejects Load

