=LDR  01053 cm a22003137  4500
=001  013670397
=003  Uk
=005  20181203203300.0
=008  930318||||||||||||\\\\\\\\\\||\|||\und|\
=082  14$a780$215
=100  1\$aHinke, Gustav Adolf.
=240  10$aPraktische Elementar-Schule für Oboe
=300  00$p4
=336  \\$anotated music$2rdacontent
=337  \\$aunmediated$2rdamedia
=338  \\$avolume$2rdacarrier
=490  0\$aSous(A.) Neue Oboenschule. Unter Einbeziehung der Elementarschule für Oboe von G. A. Hinke. [1971.]
=597  \\$a087$b00$ag.1078.s.(6.)
=CAT  \\$awr315$b40$c20070213$lBLL01$h1254
=CAT  \\$aBATCH$b00$c20091225$lBLL01$h0203
=CAT  \\$aWR12-140$c20121030$lBLL01$h1051
=CAT  \\$aWR15_100$c20150913$lBLL01$h1617
=CAT  \\$aBATCH-UPD$b00$c20150913$lBLL01$h1647
=CAT  \\$aBATCH-UPD$b00$c20181203$lBLL01$h2033
=FMT  \\$a  MU
=LAS  \\$aBATCH-UPD$b00$c20181203$lBLL01$h2033
=LEO  \\$aCPMR.0000001026
=SRC  \\$aCPMR$bcpmr_bibs_fix2
=STA  \\$aSUPPRESSED$bCat. Printed Music Rejects Load

