=LDR  00926 cm a22002897  4500
=001  013670398
=003  Uk
=005  20180814112900.0
=008  930325||||||||||||\\\\\\\\\\||\|||\und|\
=082  14$a780$215
=100  1\$aPhillips, Montague F.,$d1885-1969.
=240  10$aThe Rebel Maid. 6 detached vocal numbers
=336  \\$anotated music$2rdacontent
=337  \\$aunmediated$2rdamedia
=338  \\$avolume$2rdacarrier
=597  \\$a087$b00$aH.3738.a.(25.)$mH
=CAT  \\$awr315$b40$c20070213$lBLL01$h1254
=CAT  \\$aWR12-140$c20121030$lBLL01$h1051
=CAT  \\$a8870$b40$c20150302$lBLL01$h1633
=CAT  \\$aBATCH-UPD$b40$c20150302$lBLL01$h1633
=CAT  \\$aWR15_100$c20150913$lBLL01$h1617
=CAT  \\$a9572$b40$c20180814$lBLL01$h1129
=FMT  \\$a  MU
=LAS  \\$a9572$b40$c20180814$lBLL01$h1129
=LEO  \\$aCPMR.0000001232
=SRC  \\$aCPMR$bcpmr_bibs_fix2
=STA  \\$aSUPPRESSED$bCat. Printed Music Rejects Load

