=LDR  01067 cm a22003137  4500
=001  013670412
=003  Uk
=005  20150913161700.0
=008  930402||||||||||||\\\\\\\\\\||\|||\und|\
=082  14$a780$215
=100  1\$aWinter, Peter von,$d1754-1825.
=240  10$aTamerlan. March
=300  00$pfol
=336  \\$anotated music$2rdacontent
=337  \\$aunmediated$2rdamedia
=338  \\$avolume$2rdacarrier
=490  0\$aDussek (J. L.) A Favorite March from the Opera of Tamerlane composed by Winter, with seven variations for the piano forte. [WM 1811.]
=597  \\$a087$b00$ah.61.a.(6.)
=CAT  \\$awr315$b40$c20070213$lBLL01$h1254
=CAT  \\$aBATCH$b00$c20091225$lBLL01$h0203
=CAT  \\$a11814$b40$c20100630$lBLL01$h1154
=CAT  \\$aBATCH-UPD$b40$c20100730$lBLL01$h2030
=CAT  \\$aWR12-140$c20121030$lBLL01$h1051
=CAT  \\$aWR15_100$c20150913$lBLL01$h1617
=FMT  \\$a  MU
=LAS  \\$aWR15_100$b00$c20150913$lBLL01$h1617
=LEO  \\$aCPMR.0000001439
=SRC  \\$aCPMR$bcpmr_bibs_fix2
=STA  \\$aSUPPRESSED$bCat. Printed Music Rejects Load

