=LDR  00928 cm a22002897  4500
=001  013670415
=003  Uk
=005  20180504202200.0
=008  930317||||||||||||\\\\\\\\\\||\|||\und|\
=082  14$a780$215
=100  1\$aFeldman, Ivan.
=300  00$p4
=336  \\$anotated music$2rdacontent
=337  \\$aunmediated$2rdamedia
=338  \\$avolume$2rdacarrier
=490  0\$aChaikovsky(P. I.) [Symphony No. 4. Op. 36.] Andantino ... Transcribed by I. Feldman. 1938.
=597  \\$a087$b00$ag.557.f.(16.)
=CAT  \\$awr315$b40$c20070213$lBLL01$h1254
=CAT  \\$aBATCH$b00$c20091225$lBLL01$h0203
=CAT  \\$aWR12-140$c20121030$lBLL01$h1051
=CAT  \\$aWR15_100$c20150913$lBLL01$h1617
=CAT  \\$aBATCH-UPD$b00$c20180504$lBLL01$h2022
=FMT  \\$a  MU
=LAS  \\$aBATCH-UPD$b00$c20180504$lBLL01$h2022
=LEO  \\$aCPMR.0000000307
=SRC  \\$aCPMR$bcpmr_bibs_fix2
=STA  \\$aSUPPRESSED$bCat. Printed Music Rejects Load

