=LDR  01087 cm a22003137  4500
=001  013670416
=003  Uk
=005  20150913161700.0
=008  930317||||||||||||\\\\\\\\\\||\|||\und|\
=082  14$a780$215
=100  1\$aFrommel, Gerhard,$d1906-1984.
=300  00$p4
=336  \\$anotated music$2rdacontent
=337  \\$aunmediated$2rdamedia
=338  \\$avolume$2rdacarrier
=490  0\$aBellini(Vincenzo) Tecum principium. <Graduale.> Für Sopran und Orchester ... Herausgegeben von G. Frommel. Klavierauszug. [1978.]
=597  \\$a087$b00$aF.538.u.(2.)$mF
=CAT  \\$awr315$b40$c20070213$lBLL01$h1254
=CAT  \\$a11244$b40$c20070521$lBLL01$h0915
=CAT  \\$aBATCH-UPD$b40$c20070521$lBLL01$h0915
=CAT  \\$aBATCH$b00$c20091225$lBLL01$h0203
=CAT  \\$aWR12-140$c20121030$lBLL01$h1051
=CAT  \\$aBATCH-UPD$b00$c20121030$lBLL01$h1128
=CAT  \\$aWR15_100$c20150913$lBLL01$h1617
=FMT  \\$a  MU
=LAS  \\$aWR15_100$b00$c20150913$lBLL01$h1617
=LEO  \\$aCPMR.0000000410
=SRC  \\$aCPMR$bcpmr_bibs_fix2
=STA  \\$aSUPPRESSED$bCat. Printed Music Rejects Load

