=LDR  00852 cm a22002657  4500
=001  013670424
=003  Uk
=005  20150913161700.0
=008  930329||||||||||||\\\\\\\\\\||\|||\und|\
=082  14$a780$215
=100  1\$aSousa, John Philip,$d1854-1932.
=240  10$aNational patriotic and typical Airs of all Lands, with copious notes
=336  \\$anotated music$2rdacontent
=337  \\$aunmediated$2rdamedia
=338  \\$avolume$2rdacarrier
=597  \\$a087$b00$aG.1460.$mG
=CAT  \\$awr315$b40$c20070213$lBLL01$h1254
=CAT  \\$aWR12-140$c20121030$lBLL01$h1051
=CAT  \\$aBATCH-UPD$b00$c20130203$lBLL01$h2313
=CAT  \\$aWR15_100$c20150913$lBLL01$h1617
=FMT  \\$a  MU
=LAS  \\$aWR15_100$b00$c20150913$lBLL01$h1617
=LEO  \\$aCPMR.0000001337
=SRC  \\$aCPMR$bcpmr_bibs_fix2
=STA  \\$aSUPPRESSED$bCat. Printed Music Rejects Load

