=LDR  01017 cm a22003257  4500
=001  013670431
=003  Uk
=005  20150913161700.0
=008  930317||||||||||||\\\\\\\\\\||\|||\und|\
=082  14$a780$215
=100  1\$aGounod, Charles,$d1818-1893.
=240  10$aSimplified P. F. pieces
=260  00$c[1913,etc]
=300  00$p4
=336  \\$anotated music$2rdacontent
=337  \\$aunmediated$2rdamedia
=338  \\$avolume$2rdacarrier
=490  0\$aSeymour(A.) Great Masters for young Pupils,etc.No. 19
=597  \\$a087$b00$ag.1130.bb.
=CAT  \\$awr315$b40$c20070213$lBLL01$h1254
=CAT  \\$a11814$b40$c20070313$lBLL01$h1354
=CAT  \\$aBATCH$b00$c20091225$lBLL01$h0203
=CAT  \\$aBATCH-UPD$b00$c20120811$lBLL01$h0122
=CAT  \\$aWR12-140$c20121030$lBLL01$h1050
=CAT  \\$aWR15_100$c20150913$lBLL01$h1617
=FMT  \\$a  MU
=LAS  \\$aWR15_100$b00$c20150913$lBLL01$h1617
=LEO  \\$aCPMR.0000000617
=SRC  \\$aCPMR$bcpmr_bibs_fix2
=STA  \\$aSUPPRESSED$bCat. Printed Music Rejects Load

