=LDR  01049 cm a22003257  4500
=001  013670444
=003  Uk
=005  20150913161700.0
=008  930317||||||||||||\\\\\\\\\\||\|||\und|\
=082  14$a780$215
=100  1\$aGounod, Charles,$d1818-1893.
=240  10$aCinq Mars. Belle dont le sourire tient
=260  00$c[1879]
=300  00$pfol
=336  \\$anotated music$2rdacontent
=337  \\$aunmediated$2rdamedia
=338  \\$avolume$2rdacarrier
=490  0\$aPfeiffer(G.) Les Bergers, improvisation sur un motif de Cinq Mars,etc
=597  \\$a087$b00$ah.1322.a.(5.)
=CAT  \\$awr315$b40$c20070213$lBLL01$h1254
=CAT  \\$a11814$b40$c20070313$lBLL01$h1354
=CAT  \\$aBATCH$b00$c20091225$lBLL01$h0203
=CAT  \\$aBATCH-UPD$b00$c20120811$lBLL01$h0122
=CAT  \\$aWR12-140$c20121030$lBLL01$h1050
=CAT  \\$aWR15_100$c20150913$lBLL01$h1617
=FMT  \\$a  MU
=LAS  \\$aWR15_100$b00$c20150913$lBLL01$h1617
=LEO  \\$aCPMR.0000000618
=SRC  \\$aCPMR$bcpmr_bibs_fix2
=STA  \\$aSUPPRESSED$bCat. Printed Music Rejects Load

