=LDR  01102 cm a22003377  4500
=001  013670450
=003  Uk
=005  20150913161700.0
=008  930329||||||||||||\\\\\\\\\\||\|||\und|\
=082  14$a780$215
=100  1\$aStainer, John,$d1840-1901.
=260  00$c[1887]
=300  00$p8
=336  \\$anotated music$2rdacontent
=337  \\$aunmediated$2rdamedia
=338  \\$avolume$2rdacarrier
=490  0\$aMartin (Sir G. C.) Short Settings of the Office for the Holy Communion, etc. No. 3
=597  \\$a087$b00$aE.1433.a.$mE
=CAT  \\$awr315$b40$c20070213$lBLL01$h1254
=CAT  \\$a5100$b40$c20080124$lBLL01$h0714
=CAT  \\$a5100$b40$c20080124$lBLL01$h0716
=CAT  \\$aBATCH$b00$c20091225$lBLL01$h0203
=CAT  \\$aBATCH-UPD$b00$c20100312$lBLL01$h2027
=CAT  \\$aBATCH-UPD$b00$c20100703$lBLL01$h0211
=CAT  \\$aWR12-140$c20121030$lBLL01$h1050
=CAT  \\$aWR15_100$c20150913$lBLL01$h1617
=FMT  \\$a  MU
=LAS  \\$aWR15_100$b00$c20150913$lBLL01$h1617
=LEO  \\$aCPMR.0000001339
=SRC  \\$aCPMR$bcpmr_bibs_fix2
=STA  \\$aSUPPRESSED$bCat. Printed Music Rejects Load

