=LDR  01271 cm a22003377  4500
=001  013670456
=003  Uk
=005  20210506151051.0
=008  930317||||||||||||\\\\\\\\\\||\|||\eng|\
=082  14$a780$215
=100  1\$aFry, Gary,$d1955-
=300  00$p8
=336  \\$anotated music$2rdacontent
=337  \\$aunmediated$2rdamedia
=338  \\$avolume$2rdacarrier
=490  0\$aDenver(John) Singing Skies and dancing Waters. For SATB/SAB <Two part> chorus with piano and optional guitar, bass and drums. Arranged by G. D. Fry,etc.[1980.]
=597  \\$a087$b00$aF.1766.pp.(8.)$mF
=883  0\$aLanguage codes assigned by Bayesian analysis of words present in record$d20210115$qUk$c0.9450
=CAT  \\$awr315$b40$c20070213$lBLL01$h1254
=CAT  \\$aBATCH$b00$c20091225$lBLL01$h0203
=CAT  \\$a12179$b40$c20120619$lBLL01$h1434
=CAT  \\$aBATCH-UPD$b40$c20120619$lBLL01$h1435
=CAT  \\$aWR12-140$c20121030$lBLL01$h1051
=CAT  \\$aBATCH-UPD$b00$c20150327$lBLL01$h2053
=CAT  \\$aWR15_100$c20150913$lBLL01$h1617
=CAT  \\$aW2102-0046$b00$c20210506$lBLL01$h1510
=FMT  \\$a  MU
=LAS  \\$aW2102-0046$b00$c20210506$lBLL01$h1510
=LEO  \\$aCPMR.0000000413
=SRC  \\$aCPMR$bcpmr_bibs_fix2
=STA  \\$aSUPPRESSED$bCat. Printed Music Rejects Load

