=LDR  00952 cm a22002777  4500
=001  013670459
=003  Uk
=005  20150913161700.0
=008  930318||||||||||||\\\\\\\\\\||\|||\und|\
=082  14$a780$215
=100  0\$aH, M
=300  00$pfol.
=336  \\$anotated music$2rdacontent
=337  \\$aunmediated$2rdamedia
=338  \\$avolume$2rdacarrier
=490  0\$aPaganini(N.) Stammbuchblatt ... Mit Zusätzen von M. H., J. M. und W. T. [1842.] [Sammlung von Musik-Stücken ... als Zulage zur neuen Zeitschrift für Musik. Hft. 16.]
=597  \\$a087$b00$aHirsch M.1134.$mH
=CAT  \\$awr315$b40$c20070213$lBLL01$h1254
=CAT  \\$aBATCH$b00$c20091225$lBLL01$h0203
=CAT  \\$aWR12-140$c20121030$lBLL01$h1051
=CAT  \\$aWR15_100$c20150913$lBLL01$h1617
=FMT  \\$a  MU
=LAS  \\$aWR15_100$b00$c20150913$lBLL01$h1617
=LEO  \\$aCPMR.0000000722
=SRC  \\$aCPMR$bcpmr_bibs_fix2
=STA  \\$aSUPPRESSED$bCat. Printed Music Rejects Load

