=LDR  01037 cm a22003137  4500
=001  013670460
=003  Uk
=005  20150913161700.0
=008  930318||||||||||||\\\\\\\\\\||\|||\und|\
=082  14$a780$215
=100  1\$aHarwood, Basil,$d1859-1949.
=240  10$aThornbury
=300  00$p4.̊
=336  \\$anotated music$2rdacontent
=337  \\$aunmediated$2rdamedia
=338  \\$avolume$2rdacarrier
=490  0\$aThiman(Eric H.) Postlude on Harwood's ♯Thornbury'. <For organ.> [1966.] [Original Compositions. new ser. no. 345.]
=597  \\$a087$b00$ag.1270.
=CAT  \\$awr315$b40$c20070213$lBLL01$h1254
=CAT  \\$aBATCH$b00$c20091225$lBLL01$h0203
=CAT  \\$aWR12-140$c20121030$lBLL01$h1051
=CAT  \\$a8870$b40$c20140425$lBLL01$h1123
=CAT  \\$aBATCH-UPD$b40$c20150908$lBLL01$h2311
=CAT  \\$aWR15_100$c20150913$lBLL01$h1617
=FMT  \\$a  MU
=LAS  \\$aWR15_100$b00$c20150913$lBLL01$h1617
=LEO  \\$aCPMR.0000000825
=SRC  \\$aCPMR$bcpmr_bibs_fix2
=STA  \\$aSUPPRESSED$bCat. Printed Music Rejects Load

