=LDR  01095 cm a22003137  4500
=001  013670471
=003  Uk
=005  20150913164700.0
=008  930317||||||||||||\\\\\\\\\\||\|||\und|\
=082  14$a780$215
=100  10$aFuchs, J. N.$q(Johann Nepomuk),$d1842-1899.
=300  00$pfol
=336  \\$anotated music$2rdacontent
=337  \\$aunmediated$2rdamedia
=338  \\$avolume$2rdacarrier
=490  0\$aGluck(C. W. von) [Les Amours champêtres.] Die Maienkönigin. Schäferspiel ... In der Bearbeitung von J. N. Fuchs. [1908?]
=597  \\$a087$b00$aH.525.l.(1.)$mH
=CAT  \\$awr315$b40$c20070213$lBLL01$h1254
=CAT  \\$a11244$b40$c20070620$lBLL01$h1317
=CAT  \\$aBATCH$b00$c20091225$lBLL01$h0203
=CAT  \\$a12179$b40$c20120830$lBLL01$h1200
=CAT  \\$aWR12-140$c20121030$lBLL01$h1051
=CAT  \\$aWR15_100$c20150913$lBLL01$h1617
=CAT  \\$aBATCH-UPD$b00$c20150913$lBLL01$h1647
=FMT  \\$a  MU
=LAS  \\$aBATCH-UPD$b00$c20150913$lBLL01$h1647
=LEO  \\$aCPMR.0000000414
=SRC  \\$aCPMR$bcpmr_bibs_fix2
=STA  \\$aSUPPRESSED$bCat. Printed Music Rejects Load

