=LDR  01073 cm a22003257  4500
=001  013670479
=003  Uk
=005  20150913161700.0
=008  930325||||||||||||\\\\\\\\\\||\|||\und|\
=082  14$a780$215
=100  1\$aPlanquette, Robert,$d1848-1903.
=240  10$aLes Cloches de Corneville. Les Cloches de Corneville. Three choruses, with English words
=260  00$c[1899]
=300  00$p4
=336  \\$anotated music$2rdacontent
=337  \\$aunmediated$2rdamedia
=338  \\$avolume$2rdacarrier
=490  0\$aChoral. Choral Gems. Secular, etc. No. 1, 3, 4
=597  \\$a087$b00$aF.451.$mF
=CAT  \\$awr315$b40$c20070213$lBLL01$h1254
=CAT  \\$a11814$b40$c20081125$lBLL01$h1709
=CAT  \\$aBATCH$b00$c20091225$lBLL01$h0203
=CAT  \\$aWR12-140$c20121030$lBLL01$h1050
=CAT  \\$aBATCH-UPD$b00$c20131020$lBLL01$h2359
=CAT  \\$aWR15_100$c20150913$lBLL01$h1617
=FMT  \\$a  MU
=LAS  \\$aWR15_100$b00$c20150913$lBLL01$h1617
=LEO  \\$aCPMR.0000001238
=SRC  \\$aCPMR$bcpmr_bibs_fix2
=STA  \\$aSUPPRESSED$bCat. Printed Music Rejects Load

