=LDR  01065 cm a22003257  4500
=001  013670486
=003  Uk
=005  20150913161700.0
=008  930317||||||||||||\\\\\\\\\\||\|||\und|\
=082  14$a780$215
=100  1\$aFüssl, Karl Heinz,$d1924-1992.
=300  00$p4
=336  \\$anotated music$2rdacontent
=337  \\$aunmediated$2rdamedia
=338  \\$avolume$2rdacarrier
=490  0\$aMartinu̇ (B.) The Epic of Gilgamesh ... Vocal score ... (K. Füssl). [1957.]
=597  \\$a046$b00$aa
=597  \\$a087$b00$aG:1342.c.(1.)$mG
=CAT  \\$awr315$b40$c20070213$lBLL01$h1254
=CAT  \\$a11244$b40$c20071115$lBLL01$h1035
=CAT  \\$aBATCH$b00$c20091225$lBLL01$h0203
=CAT  \\$aWR12-140$c20121030$lBLL01$h1051
=CAT  \\$aBATCH-UPD$b00$c20121030$lBLL01$h1128
=CAT  \\$aBATCH-UPD$b00$c20140516$lBLL01$h2126
=CAT  \\$aWR15_100$c20150913$lBLL01$h1617
=FMT  \\$a  MU
=LAS  \\$aWR15_100$b00$c20150913$lBLL01$h1617
=LEO  \\$aCPMR.0000000415
=SRC  \\$aCPMR$bcpmr_bibs_fix2
=STA  \\$aSUPPRESSED$bCat. Printed Music Rejects Load

