=LDR  00753 cm a22002537  4500
=001  013670506
=003  Uk
=005  20150913161700.0
=008  930318||||||||||||\\\\\\\\\\||\|||\und|\
=082  14$a780$215
=100  0\$aHoffstetter, Johann Urban Alois
=240  10$aThematic catalogue
=336  \\$anotated music$2rdacontent
=337  \\$aunmediated$2rdamedia
=338  \\$avolume$2rdacarrier
=597  \\$a087$b00$aX.439/2190.$mX
=CAT  \\$awr315$b40$c20070213$lBLL01$h1254
=CAT  \\$aWR12-140$c20121030$lBLL01$h1051
=CAT  \\$aWR15_100$c20150913$lBLL01$h1617
=FMT  \\$a  MU
=LAS  \\$aWR15_100$b00$c20150913$lBLL01$h1617
=LEO  \\$aCPMR.0000001034
=SRC  \\$aCPMR$bcpmr_bibs_fix2
=STA  \\$aSUPPRESSED$bCat. Printed Music Rejects Load

=LDR  00874 cm a22002657  4500
=001  013670508
=003  Uk
=005  20150913161700.0
=008  930325||||||||||||\\\\\\\\\\||\|||\und|\
=082  14$a780$215
=240  10$aAn imperfect pack of 12 German playing cards, each bearing a single part of a four-part composition
=260  00$c[c. 1540]
=336  \\$anotated music$2rdacontent
=337  \\$aunmediated$2rdamedia
=338  \\$avolume$2rdacarrier
=500  0\$a2Dept. of Prints and Drawings. Willshire Collection
=597  \\$a087$b00$aG.133$mG
=CAT  \\$awr315$b40$c20070213$lBLL01$h1254
=CAT  \\$aWR12-140$c20121030$lBLL01$h1050
=CAT  \\$aWR15_100$c20150913$lBLL01$h1617
=FMT  \\$a  MU
=LAS  \\$aWR15_100$b00$c20150913$lBLL01$h1617
=LEO  \\$aCPMR.0000001240
=SRC  \\$aCPMR$bcpmr_bibs_fix2
=STA  \\$aSUPPRESSED$bCat. Printed Music Rejects Load

