=LDR  01245 cm a22003137  4500
=001  013670510
=003  Uk
=005  20150913161700.0
=008  930308||||||||||||\\\\\\\\\\||\|||\und|\
=082  14$a780$215
=100  1\$aAbrahams, Maurice,$d1883-1931.
=240  10$aHe'd have to get under, get out and get under
=300  00$pfol.
=336  \\$anotated music$2rdacontent
=337  \\$aunmediated$2rdamedia
=338  \\$avolume$2rdacarrier
=490  0\$aPether (Henry E.) "Get out and get under". <One-step or two-step.> Founded on Maurice Abraham's great success "He'd have to get under, get out and get under". Arranged by H. E. Pether, etc. [Military band.] [1914.] [Boosey & Co.'s supplemental Journal for military Bands. no.126.]
=597  \\$a087$b00$ah.1544.(a.)
=CAT  \\$awr315$b40$c20070213$lBLL01$h1254
=CAT  \\$a11814$b40$c20090324$lBLL01$h1420
=CAT  \\$aBATCH$b00$c20091225$lBLL01$h0203
=CAT  \\$aWR12-140$c20121030$lBLL01$h1050
=CAT  \\$aBATCH-UPD$b00$c20130729$lBLL01$h0752
=CAT  \\$aWR15_100$c20150913$lBLL01$h1617
=FMT  \\$a  MU
=LAS  \\$aWR15_100$b00$c20150913$lBLL01$h1617
=LEO  \\$aCPMR.0000000005
=SRC  \\$aCPMR$bcpmr_bibs_fix2
=STA  \\$aSUPPRESSED$bCat. Printed Music Rejects Load

