=LDR  01094 cm a22003137  4500
=001  013670525
=003  Uk
=005  20150913161700.0
=008  930308||||||||||||\\\\\\\\\\||\|||\und|\
=082  14$a780$215
=100  1\$aBellini, Vincenzo,$d1801-1835.
=240  10$aI Puritani.-Son vergin vezzosa. I Puritani. Vien diletto
=260  00$c[1835]
=300  00$pfol
=336  \\$anotated music$2rdacontent
=337  \\$aunmediated$2rdamedia
=338  \\$avolume$2rdacarrier
=490  0\$aFiorini (G. E.) Vien diletto è en ciel la luna. Aria, in I Puritani [by Bellini], arranged as a rondino, for the piano forte, by G. E. Fiorini
=597  \\$a087$b00$ah.723.z.(7.)
=CAT  \\$awr315$b40$c20070213$lBLL01$h1254
=CAT  \\$aBATCH$b00$c20091225$lBLL01$h0203
=CAT  \\$aBATCH-UPD$b00$c20101204$lBLL01$h1833
=CAT  \\$aWR12-140$c20121030$lBLL01$h1050
=CAT  \\$aWR15_100$c20150913$lBLL01$h1617
=FMT  \\$a  MU
=LAS  \\$aWR15_100$b00$c20150913$lBLL01$h1617
=LEO  \\$aCPMR.0000000212
=SRC  \\$aCPMR$bcpmr_bibs_fix2
=STA  \\$aSUPPRESSED$bCat. Printed Music Rejects Load

