=LDR  01037 cm a22003017  4500
=001  013670532
=003  Uk
=005  20150913161700.0
=008  930318||||||||||||\\\\\\\\\\||\|||\und|\
=082  14$a780$215
=100  1\$aHolborne, Anthony,$d-1602.
=240  10$aPauans, Galliards, Almains and other short Æirs. Pauans, Galliards, Almains and other short Æirs. Set out in score
=336  \\$anotated music$2rdacontent
=337  \\$aunmediated$2rdamedia
=338  \\$avolume$2rdacarrier
=597  \\$a087$b00$ah.267.
=985  \\$aRecord amended for WR# 13/070
=CAT  \\$awr315$b40$c20070213$lBLL01$h1254
=CAT  \\$a7416$b40$c20120425$lBLL01$h1323
=CAT  \\$aWR12-140$c20121030$lBLL01$h1051
=CAT  \\$aWR13_070$b00$c20130504$lBLL01$h0250
=CAT  \\$aBATCH-UPD$b00$c20130506$lBLL01$h0440
=CAT  \\$aWR15_100$c20150913$lBLL01$h1617
=FMT  \\$a  MU
=LAS  \\$aWR15_100$b00$c20150913$lBLL01$h1617
=LEO  \\$aCPMR.0000001036
=SRC  \\$aCPMR$bcpmr_bibs_fix2
=STA  \\$aSUPPRESSED$bCat. Printed Music Rejects Load

