=LDR  01019 cm a22003137  4500
=001  013670540
=003  Uk
=005  20150913161700.0
=008  930317||||||||||||\\\\\\\\\\||\|||\und|\
=082  14$a780$215
=100  1\$aGounod, Charles,$d1818-1893.
=240  10$aPolyeucte. - Appendix
=300  00$pfol
=336  \\$anotated music$2rdacontent
=337  \\$aunmediated$2rdamedia
=338  \\$avolume$2rdacarrier
=490  0\$aStreabbog(L.)pseud.Polyeucte ... fantaisie pour piano ... à 4 mains. [1883.]
=597  \\$a087$b00$ah.3197.c.(17.)
=CAT  \\$awr315$b40$c20070213$lBLL01$h1254
=CAT  \\$a11814$b40$c20070313$lBLL01$h1354
=CAT  \\$aBATCH$b00$c20091225$lBLL01$h0203
=CAT  \\$aBATCH-UPD$b00$c20120811$lBLL01$h0122
=CAT  \\$aWR12-140$c20121030$lBLL01$h1051
=CAT  \\$aWR15_100$c20150913$lBLL01$h1617
=FMT  \\$a  MU
=LAS  \\$aWR15_100$b00$c20150913$lBLL01$h1617
=LEO  \\$aCPMR.0000000625
=SRC  \\$aCPMR$bcpmr_bibs_fix2
=STA  \\$aSUPPRESSED$bCat. Printed Music Rejects Load

