=LDR  01110 cm a22003137  4500
=001  013670554
=003  Uk
=005  20200328074400.0
=008  930317||||||||||||\\\\\\\\\\||\|||\und|\
=082  14$a780$215
=100  1\$aGiddings, Thaddeus P.$q(Thaddeus Philander),$d1868-1954.
=300  00$p8
=336  \\$anotated music$2rdacontent
=337  \\$aunmediated$2rdamedia
=338  \\$avolume$2rdacarrier
=490  0\$aMaddy(Joseph E.) and Giddings(T. P.) Primotones. For strings-woodwind-brass. Prepared by J. E. Maddy and T. P. Giddings,etc.[1959.]
=597  \\$a087$b00$ae.662.b.&c.
=CAT  \\$awr315$b40$c20070213$lBLL01$h1254
=CAT  \\$aBATCH$b00$c20091225$lBLL01$h0203
=CAT  \\$aWR12-140$c20121030$lBLL01$h1051
=CAT  \\$a7416$b40$c20131203$lBLL01$h1630
=CAT  \\$aWR15_100$c20150913$lBLL01$h1617
=CAT  \\$aBATCH-UPD$b00$c20150913$lBLL01$h1647
=CAT  \\$aBATCH-UPD$b00$c20200328$lBLL01$h0744
=FMT  \\$a  MU
=LAS  \\$aBATCH-UPD$b00$c20200328$lBLL01$h0744
=LEO  \\$aCPMR.0000000523
=SRC  \\$aCPMR$bcpmr_bibs_fix2
=STA  \\$aSUPPRESSED$bCat. Printed Music Rejects Load

