=LDR  00842 cm a22002777  4500
=001  013670566
=003  Uk
=005  20150913161700.0
=008  930317||||||||||||\\\\\\\\\\||\|||\und|\
=082  14$a780$215
=100  0\$aG, A
=300  00$p8
=336  \\$anotated music$2rdacontent
=337  \\$aunmediated$2rdamedia
=338  \\$avolume$2rdacarrier
=490  0\$aL., E. J., and G., A. I am a brisk and sprightly Lad,etc. [1894.]
=597  \\$a087$b00$aF.197.g.(30.)$mF
=CAT  \\$awr315$b40$c20070213$lBLL01$h1254
=CAT  \\$aBATCH$b00$c20091225$lBLL01$h0203
=CAT  \\$aWR12-140$c20121030$lBLL01$h1051
=CAT  \\$aWR15_100$c20150913$lBLL01$h1617
=FMT  \\$a  MU
=LAS  \\$aWR15_100$b00$c20150913$lBLL01$h1617
=LEO  \\$aCPMR.0000000421
=SRC  \\$aCPMR$bcpmr_bibs_fix2
=STA  \\$aSUPPRESSED$bCat. Printed Music Rejects Load

