=LDR  01061 cm a22003017  4500
=001  013670594
=003  Uk
=005  20160606143500.0
=008  930317||||||||||||\\\\\\\\\\||\|||\und|\
=082  14$a780$215
=100  1\$aFétis, François-Joseph,$d1784-1871.
=300  00$pfol
=336  \\$anotated music$2rdacontent
=337  \\$aunmediated$2rdamedia
=338  \\$avolume$2rdacarrier
=490  0\$aBeethoven(L. van) [Symphonies. - Collections.] Collection des symphonies de L. van Beethoven ... Édition ... revue par Mr Fétis. [c. 1830.]
=597  \\$a087$b00$aHirsch iii .97.$mH
=CAT  \\$awr315$b40$c20070213$lBLL01$h1254
=CAT  \\$aBATCH$b00$c20091225$lBLL01$h0203
=CAT  \\$aWR12-140$c20121030$lBLL01$h1051
=CAT  \\$aWR15_100$c20150913$lBLL01$h1617
=CAT  \\$a5194$b40$c20160606$lBLL01$h1435
=CAT  \\$aBATCH-UPD$b40$c20160606$lBLL01$h1435
=FMT  \\$a  MU
=LAS  \\$aBATCH-UPD$b40$c20160606$lBLL01$h1435
=LEO  \\$aCPMR.0000000320
=SRC  \\$aCPMR$bcpmr_bibs_fix2
=STA  \\$aSUPPRESSED$bCat. Printed Music Rejects Load

