=LDR  00867 cm a22002777  4500
=001  013670618
=003  Uk
=005  20150913161700.0
=008  930401||||||||||||\\\\\\\\\\||\|||\und|\
=082  14$a780$215
=100  1\$aTalbot, Howard,$d1865-1928.
=240  10$aMy Lady Frayle. 2 vocal numbers
=336  \\$anotated music$2rdacontent
=337  \\$aunmediated$2rdamedia
=338  \\$avolume$2rdacarrier
=597  \\$a087$b00$aH.1846.ff.(7.)$mH
=CAT  \\$awr315$b40$c20070213$lBLL01$h1254
=CAT  \\$a11306$b40$c20090129$lBLL01$h0850
=CAT  \\$aWR12-140$c20121030$lBLL01$h1051
=CAT  \\$aBATCH-UPD$b00$c20121030$lBLL01$h1130
=CAT  \\$aWR15_100$c20150913$lBLL01$h1617
=FMT  \\$a  MU
=LAS  \\$aWR15_100$b00$c20150913$lBLL01$h1617
=LEO  \\$aCPMR.0000001351
=SRC  \\$aCPMR$bcpmr_bibs_fix2
=STA  \\$aSUPPRESSED$bCat. Printed Music Rejects Load

