=LDR  01012 cm a22003017  4500
=001  013670640
=003  Uk
=005  20160725201800.0
=008  930318||||||||||||\\\\\\\\\\||\|||\und|\
=082  14$a780$215
=100  1\$aHatton, Gaylen.
=300  00$p4
=336  \\$anotated music$2rdacontent
=337  \\$aunmediated$2rdamedia
=338  \\$avolume$2rdacarrier
=490  0\$aGottschalk(L. M.) [Noche de los trópicos.] Night in the Tropics. Reconstructed and arranged by G. Hatton,etc. [1965.]
=597  \\$a087$b00$ag.1620.ss.(5.)
=CAT  \\$awr315$b40$c20070213$lBLL01$h1255
=CAT  \\$aBATCH$b00$c20091225$lBLL01$h0203
=CAT  \\$aWR12-140$c20121030$lBLL01$h1051
=CAT  \\$aWR15_100$c20150913$lBLL01$h1617
=CAT  \\$aBATCH-UPD$b00$c20150913$lBLL01$h1647
=CAT  \\$aBATCH-UPD$b00$c20160725$lBLL01$h2018
=FMT  \\$a  MU
=LAS  \\$aBATCH-UPD$b00$c20160725$lBLL01$h2018
=LEO  \\$aCPMR.0000000838
=SRC  \\$aCPMR$bcpmr_bibs_fix2
=STA  \\$aSUPPRESSED$bCat. Printed Music Rejects Load

=LDR  00783 cm a22002657  4500
=001  013670642
=003  Uk
=005  20150913161700.0
=008  930318||||||||||||\\\\\\\\\\||\|||\und|\
=082  14$a780$215
=260  00$a[Dublin]$c[1793.]
=300  00$ps. sh 4
=336  \\$anotated music$2rdacontent
=337  \\$aunmediated$2rdamedia
=338  \\$avolume$2rdacarrier
=500  0\$aWalker's Hibernian Magazine, Dec., 1793
=597  \\$a087$b00$aP.P.6154.k$mP
=CAT  \\$awr315$b40$c20070213$lBLL01$h1255
=CAT  \\$aWR12-140$c20121030$lBLL01$h1050
=CAT  \\$aWR15_100$c20150913$lBLL01$h1617
=FMT  \\$a  MU
=LAS  \\$aWR15_100$b00$c20150913$lBLL01$h1617
=LEO  \\$aCPMR.0000001044
=SRC  \\$aCPMR$bcpmr_bibs_fix2
=STA  \\$aSUPPRESSED$bCat. Printed Music Rejects Load

