=LDR  00788ccm a22002777  4500
=001  013670645
=003  Uk
=005  20220819155200.0
=008  930401||||||||||||\\\\\\\\\\||\|||\und|\
=082  14$a780$215
=100  1\$aTalma.
=260  00$c[1780?]
=300  00$pfol
=336  \\$anotated music$2rdacontent
=337  \\$aunmediated$2rdamedia
=338  \\$avolume$2rdacarrier
=597  \\$a087$b00$ah.940.(41.)
=CAT  \\$awr315$b40$c20070213$lBLL01$h1255
=CAT  \\$aWR12-140$c20121030$lBLL01$h1050
=CAT  \\$aWR15_100$c20150913$lBLL01$h1617
=CAT  \\$aBATCH-UPD$b00$c20220819$lBLL01$h1552
=FMT  \\$a  MU
=LAS  \\$aBATCH-UPD$b00$c20220819$lBLL01$h1552
=LEO  \\$aCPMR.0000001353
=SRC  \\$aCPMR$bcpmr_bibs_fix2
=STA  \\$aSUPPRESSED$bCat. Printed Music Rejects Load

