=LDR  01048ccm a22003137  4500
=001  013670654
=003  Uk
=005  20221005155100.0
=008  930318||||||||||||\\\\\\\\\\||\|||\und|\
=082  14$a780$215
=100  1\$aHaines, Herbert E.$q(Herbert Edgar),$d1879-1923.
=300  00$pfol
=336  \\$anotated music$2rdacontent
=337  \\$aunmediated$2rdamedia
=338  \\$avolume$2rdacarrier
=490  0\$aBraham(Philip E.) and Haines(H. E.) Back to Blighty. Selection. Arr. by H. Jaxon. [P. F.] [1916.]
=597  \\$a087$b00$ah.3284.x.(3.)
=700  00$aJaxon$hHenri
=CAT  \\$awr315$b40$c20070213$lBLL01$h1255
=CAT  \\$aBATCH$b00$c20091225$lBLL01$h0203
=CAT  \\$aWR12-140$c20121030$lBLL01$h1051
=CAT  \\$aWR15_100$c20150913$lBLL01$h1617
=CAT  \\$a7416$b40$c20221005$lBLL01$h1550
=CAT  \\$aBATCH-UPD$b40$c20221005$lBLL01$h1551
=FMT  \\$a  MU
=LAS  \\$aBATCH-UPD$b40$c20221005$lBLL01$h1551
=LEO  \\$aCPMR.0000000736
=SRC  \\$aCPMR$bcpmr_bibs_fix2
=STA  \\$aSUPPRESSED$bCat. Printed Music Rejects Load

