=LDR  00930ccm a22002897  4500
=001  013670655
=003  Uk
=005  20220709170700.0
=008  930318||||||||||||\\\\\\\\\\||\|||\und|\
=082  14$a780$215
=100  1\$aHatton, George L.
=300  00$p4
=336  \\$anotated music$2rdacontent
=337  \\$aunmediated$2rdamedia
=338  \\$avolume$2rdacarrier
=490  0\$aDunstan(R.) Christmas Fantasia on Carol Melodies ... Orchestrated by G. L. Hatton. 1928.
=597  \\$a087$b00$ag.500.n.(12*.)
=CAT  \\$awr315$b40$c20070213$lBLL01$h1255
=CAT  \\$aBATCH$b00$c20091225$lBLL01$h0203
=CAT  \\$aWR12-140$c20121030$lBLL01$h1051
=CAT  \\$aWR15_100$c20150913$lBLL01$h1617
=CAT  \\$aBATCH-UPD$b00$c20220709$lBLL01$h1707
=FMT  \\$a  MU
=LAS  \\$aBATCH-UPD$b00$c20220709$lBLL01$h1707
=LEO  \\$aCPMR.0000000839
=SRC  \\$aCPMR$bcpmr_bibs_fix2
=STA  \\$aSUPPRESSED$bCat. Printed Music Rejects Load

