=LDR  00998ccm a22003017  4500
=001  013670666
=003  Uk
=005  20230427172400.0
=008  930317||||||||||||\\\\\\\\\\||\|||\und|\
=082  14$a780$215
=100  1\$aGilbert, Bennett,$d1833-1885.
=300  00$pfol
=336  \\$anotated music$2rdacontent
=337  \\$aunmediated$2rdamedia
=338  \\$avolume$2rdacarrier
=490  0\$aWeber(C. M. F. E. von) [Sonatas. Op. 24.] Il Moto Continuo ... Edited by B. Gilbert. [1875.]
=597  \\$a087$b00$ah.1336.a.(8.)
=CAT  \\$awr315$b40$c20070213$lBLL01$h1255
=CAT  \\$aBATCH$b00$c20091225$lBLL01$h0203
=CAT  \\$aWR12-140$c20121030$lBLL01$h1051
=CAT  \\$aWR15_100$c20150913$lBLL01$h1617
=CAT  \\$aMFISHER$b40$c20230427$lBLL01$h1724
=CAT  \\$aBATCH-UPD$b40$c20230427$lBLL01$h1724
=FMT  \\$a  MU
=LAS  \\$aBATCH-UPD$b40$c20230427$lBLL01$h1724
=LEO  \\$aCPMR.0000000531
=SRC  \\$aCPMR$bcpmr_bibs_fix2
=STA  \\$aSUPPRESSED$bCat. Printed Music Rejects Load

