=LDR  01038 cm a22003137  4500
=001  013670672
=003  Uk
=005  20200418172000.0
=008  930325||||||||||||\\\\\\\\\\||\|||\und|\
=082  14$a780$215
=100  1\$aProch, Heinrich.
=240  10$aSchweitzer's Heimweh
=300  00$pfol
=336  \\$anotated music$2rdacontent
=337  \\$aunmediated$2rdamedia
=338  \\$avolume$2rdacarrier
=490  0\$aVos (P. de) The Switzer's home (Schweizer's Heimweh) de Proch. Nocturne pour le piano par P. de Vos. [1855.]
=597  \\$a087$b00$ah.1335.(5.)
=CAT  \\$awr315$b40$c20070213$lBLL01$h1255
=CAT  \\$aBATCH$b00$c20091225$lBLL01$h0203
=CAT  \\$aWR12-140$c20121030$lBLL01$h1051
=CAT  \\$aWR15_100$c20150913$lBLL01$h1617
=CAT  \\$aBATCH-UPD$b00$c20150913$lBLL01$h1647
=CAT  \\$aBATCH-UPD$b00$c20200418$lBLL01$h1720
=FMT  \\$a  MU
=LAS  \\$aBATCH-UPD$b00$c20200418$lBLL01$h1720
=LEO  \\$aCPMR.0000001252
=SRC  \\$aCPMR$bcpmr_bibs_fix2
=STA  \\$aSUPPRESSED$bCat. Printed Music Rejects Load

