=LDR  01133 cm a22003257  4500
=001  013670675
=003  Uk
=005  20150913161700.0
=008  930308||||||||||||\\\\\\\\\\||\|||\und|\
=082  14$a780$215
=100  1\$aAdam, Adolphe,$d1803-1856.
=240  10$aIsaure
=260  00$c[1835]
=300  00$pfol
=336  \\$anotated music$2rdacontent
=337  \\$aunmediated$2rdamedia
=338  \\$avolume$2rdacarrier
=490  0\$aLemoine(H.) [Bagatelles. No. 5, 12.] Isaure et Les clercs ... pour le piano forte. Le premier [sic] livraison formant: le [sic] 5me bagatelle sur un air catalan d'Isaure, d'Adam, etc
=597  \\$a087$b00$ah.723.bb.(26.)
=CAT  \\$awr315$b40$c20070213$lBLL01$h1255
=CAT  \\$aBATCH-UPD$b40$c20071020$lBLL01$h1123
=CAT  \\$aBATCH$b00$c20091225$lBLL01$h0203
=CAT  \\$aWR12-140$c20121030$lBLL01$h1050
=CAT  \\$aBATCH-UPD$b00$c20121030$lBLL01$h1127
=CAT  \\$aWR15_100$c20150913$lBLL01$h1617
=FMT  \\$a  MU
=LAS  \\$aWR15_100$b00$c20150913$lBLL01$h1617
=LEO  \\$aCPMR.0000000017
=SRC  \\$aCPMR$bcpmr_bibs_fix2
=STA  \\$aSUPPRESSED$bCat. Printed Music Rejects Load

