=LDR  01181 cm a22003257  4500
=001  013670703
=003  Uk
=005  20210506151051.0
=008  930308||||||||||||\\\\\\\\\\||\|||\eng|\
=082  14$a780$215
=100  1\$aBach, Johann Christoph,$d1642-1703.
=240  10$aIch begehr nicht mehr zu leben
=300  00$p8
=336  \\$anotated music$2rdacontent
=337  \\$aunmediated$2rdamedia
=338  \\$avolume$2rdacarrier
=490  0\$aWillan (Healey) Through the day thy Love has spared us. Hymn anthem ... Melody by J. C. Bach, etc. [1964.]
=597  \\$a087$b00$aE.335.rr.(25.)$mE
=883  0\$aLanguage codes assigned by Bayesian analysis of words present in record$d20210115$qUk$c0.9450
=CAT  \\$awr315$b40$c20070213$lBLL01$h1255
=CAT  \\$aBATCH$b00$c20091225$lBLL01$h0203
=CAT  \\$aWR12-140$c20121030$lBLL01$h1050
=CAT  \\$aWR15_100$c20150913$lBLL01$h1617
=CAT  \\$aBATCH-UPD$b00$c20150913$lBLL01$h1647
=CAT  \\$aW2102-0046$b00$c20210506$lBLL01$h1510
=FMT  \\$a  MU
=LAS  \\$aW2102-0046$b00$c20210506$lBLL01$h1510
=LEO  \\$aCPMR.0000000122
=SRC  \\$aCPMR$bcpmr_bibs_fix2
=STA  \\$aSUPPRESSED$bCat. Printed Music Rejects Load

