=LDR  00923 cm a22002897  4500
=001  013670733
=003  Uk
=005  20161224171900.0
=008  930317||||||||||||\\\\\\\\\\||\|||\und|\
=082  14$a780$215
=100  1\$aFinck, Herman,$d1872-1939.
=240  10$aVanity Fair. 3 detached vocal numbers
=336  \\$anotated music$2rdacontent
=337  \\$aunmediated$2rdamedia
=338  \\$avolume$2rdacarrier
=597  \\$a087$b00$aH.3493.(10.)$mH
=CAT  \\$awr315$b40$c20070213$lBLL01$h1255
=CAT  \\$a7416$b40$c20080319$lBLL01$h1010
=CAT  \\$aWR12-140$c20121030$lBLL01$h1051
=CAT  \\$aWR15_100$c20150913$lBLL01$h1617
=CAT  \\$aBATCH-UPD$b00$c20150913$lBLL01$h1647
=CAT  \\$aBATCH-UPD$b00$c20161224$lBLL01$h1719
=FMT  \\$a  MU
=LAS  \\$aBATCH-UPD$b00$c20161224$lBLL01$h1719
=LEO  \\$aCPMR.0000000330
=SRC  \\$aCPMR$bcpmr_bibs_fix2
=STA  \\$aSUPPRESSED$bCat. Printed Music Rejects Load

