=LDR  00900 cm a22002897  4500
=001  013670736
=003  Uk
=005  20150913164700.0
=008  930318||||||||||||\\\\\\\\\\||\|||\und|\
=082  14$a780$215
=100  10$aGraves, Conway.
=300  00$p4
=336  \\$anotated music$2rdacontent
=337  \\$aunmediated$2rdamedia
=338  \\$avolume$2rdacarrier
=490  0\$aElgar(SirE. W.)Bart.Idylle. Arranged ... by C. Graves. 1937.
=597  \\$a087$b00$ag.1161.c.(16.)
=CAT  \\$awr315$b40$c20070213$lBLL01$h1255
=CAT  \\$aBATCH$b00$c20091225$lBLL01$h0203
=CAT  \\$aWR12-140$c20121030$lBLL01$h1051
=CAT  \\$aWR15_100$c20150913$lBLL01$h1617
=CAT  \\$aBATCH-UPD$b00$c20150913$lBLL01$h1647
=FMT  \\$a  MU
=LAS  \\$aBATCH-UPD$b00$c20150913$lBLL01$h1647
=LEO  \\$aCPMR.0000000639
=SRC  \\$aCPMR$bcpmr_bibs_fix2
=STA  \\$aSUPPRESSED$bCat. Printed Music Rejects Load

