=LDR  01166 cm a22003137  4500
=001  013670755
=003  Uk
=005  20150913161700.0
=008  930401||||||||||||\\\\\\\\\\||\|||\und|\
=082  14$a780$215
=100  1\$aTelemann, Georg Philipp,$d1681-1767.
=260  00$c[1818?]
=300  00$a28p$pfol
=336  \\$anotated music$2rdacontent
=337  \\$aunmediated$2rdamedia
=338  \\$avolume$2rdacarrier
=490  0\$aJauchzet dem Herrn, alle Welt ... Achtstimmige Motette von Joh: Sebastian Bach. [In fact, only the section beginning "Sey Lob und Preis mit Ehren" by Bach. The remainder attributed to Telemann.] In Partitur. Herausgegeben von Ioh: Fr: Sam: Doering
=597  \\$a046$b00$ac
=597  \\$a087$b00$aH.911.q.(1.)$mH
=CAT  \\$awr315$b40$c20070213$lBLL01$h1255
=CAT  \\$aBATCH$b00$c20091225$lBLL01$h0203
=CAT  \\$aWR12-140$c20121030$lBLL01$h1050
=CAT  \\$aBATCH-UPD$b00$c20121030$lBLL01$h1127
=CAT  \\$aWR15_100$c20150913$lBLL01$h1617
=FMT  \\$a  MU
=LAS  \\$aWR15_100$b00$c20150913$lBLL01$h1617
=LEO  \\$aCPMR.0000001361
=SRC  \\$aCPMR$bcpmr_bibs_fix2
=STA  \\$aSUPPRESSED$bCat. Printed Music Rejects Load

