=LDR  01028 cm a22003257  4500
=001  013670756
=003  Uk
=005  20150913161700.0
=008  930308||||||||||||\\\\\\\\\\||\|||\und|\
=082  14$a780$215
=100  1\$aAdam, Adolphe,$d1803-1856.
=240  10$aRichard en Palestine
=260  00$c[1845]
=300  00$pfol
=336  \\$anotated music$2rdacontent
=337  \\$aunmediated$2rdamedia
=338  \\$avolume$2rdacarrier
=490  0\$aKalkbrenner(F.) Fantaisie sur des thèmes de Richard en Palestine
=597  \\$a087$b00$ah.335.(11.)
=CAT  \\$awr315$b40$c20070213$lBLL01$h1255
=CAT  \\$aBATCH-UPD$b40$c20071020$lBLL01$h1124
=CAT  \\$aBATCH$b00$c20091225$lBLL01$h0203
=CAT  \\$aWR12-140$c20121030$lBLL01$h1050
=CAT  \\$aBATCH-UPD$b00$c20121030$lBLL01$h1127
=CAT  \\$aWR15_100$c20150913$lBLL01$h1617
=FMT  \\$a  MU
=LAS  \\$aWR15_100$b00$c20150913$lBLL01$h1617
=LEO  \\$aCPMR.0000000023
=SRC  \\$aCPMR$bcpmr_bibs_fix2
=STA  \\$aSUPPRESSED$bCat. Printed Music Rejects Load

