=LDR  00847 cm a22002777  4500
=001  013670780
=003  Uk
=005  20150913161700.0
=008  930323||||||||||||\\\\\\\\\\||\|||\und|\
=082  14$a780$215
=100  1\$aMassenet, Jules,$d1842-1912.
=240  10$aTwo Pieces
=336  \\$anotated music$2rdacontent
=337  \\$aunmediated$2rdamedia
=338  \\$avolume$2rdacarrier
=597  \\$a087$b00$ag.280.nn.(5.)
=CAT  \\$awr315$b40$c20070213$lBLL01$h1255
=CAT  \\$aBATCH-UPD$b40$c20080106$lBLL01$h1901
=CAT  \\$aBATCH-UPD$b40$c20110930$lBLL01$h2037
=CAT  \\$aWR12-140$c20121030$lBLL01$h1051
=CAT  \\$aWR15_100$c20150913$lBLL01$h1617
=FMT  \\$a  MU
=LAS  \\$aWR15_100$b00$c20150913$lBLL01$h1617
=LEO  \\$aCPMR.0000001157
=SRC  \\$aCPMR$bcpmr_bibs_fix2
=STA  \\$aSUPPRESSED$bCat. Printed Music Rejects Load

