=LDR  00965 cm a22002897  4500
=001  013670813
=003  Uk
=005  20150913164700.0
=008  930318||||||||||||\\\\\\\\\\||\|||\und|\
=082  14$a780$215
=100  10$aGreef, Wilhelm.
=300  00$p8
=336  \\$anotated music$2rdacontent
=337  \\$aunmediated$2rdamedia
=338  \\$avolume$2rdacarrier
=490  0\$aErk(L. C.) and Greef(W.) Kindergarten. Auswahl von ... Gesängen nebst Gebeten ... Herausgegeben von L. Erk und W. Greef. 1843.
=597  \\$a087$b00$aB.431.e.$mB
=CAT  \\$awr315$b40$c20070213$lBLL01$h1255
=CAT  \\$aBATCH$b00$c20091225$lBLL01$h0203
=CAT  \\$aWR12-140$c20121030$lBLL01$h1051
=CAT  \\$aWR15_100$c20150913$lBLL01$h1617
=CAT  \\$aBATCH-UPD$b00$c20150913$lBLL01$h1647
=FMT  \\$a  MU
=LAS  \\$aBATCH-UPD$b00$c20150913$lBLL01$h1647
=LEO  \\$aCPMR.0000000645
=SRC  \\$aCPMR$bcpmr_bibs_fix2
=STA  \\$aSUPPRESSED$bCat. Printed Music Rejects Load

