=LDR  00861 cm a22002777  4500
=001  013670819
=003  Uk
=005  20150913161700.0
=008  930401||||||||||||\\\\\\\\\\||\|||\und|\
=082  14$a780$215
=100  1\$aTours, Frank E.,$d1877-1963.
=240  10$aFairyland. Four P. F. duets
=336  \\$anotated music$2rdacontent
=337  \\$aunmediated$2rdamedia
=338  \\$avolume$2rdacarrier
=597  \\$a087$b00$ah.3283.b.(32.)
=CAT  \\$awr315$b40$c20070213$lBLL01$h1255
=CAT  \\$aWR12-140$c20121030$lBLL01$h1051
=CAT  \\$a11814$b40$c20130225$lBLL01$h1413
=CAT  \\$aBATCH-UPD$b40$c20130225$lBLL01$h1413
=CAT  \\$aWR15_100$c20150913$lBLL01$h1617
=FMT  \\$a  MU
=LAS  \\$aWR15_100$b00$c20150913$lBLL01$h1617
=LEO  \\$aCPMR.0000001366
=SRC  \\$aCPMR$bcpmr_bibs_fix2
=STA  \\$aSUPPRESSED$bCat. Printed Music Rejects Load

