=LDR  01073 cm a22003137  4500
=001  013670827
=003  Uk
=005  20150913161700.0
=008  930318||||||||||||\\\\\\\\\\||\|||\und|\
=082  14$a780$215
=100  1\$aHérold, Ferdinand,$d1791-1833.
=240  10$aLe Pré aux Clercs. - Single numbers. C'en est fait
=300  00$pfol
=336  \\$anotated music$2rdacontent
=337  \\$aunmediated$2rdamedia
=338  \\$avolume$2rdacarrier
=490  0\$aDoehler(Theodor) Rondino, sur le trio favori de l'opéra Le Pré aux clercs, de Hérold. [1838.]
=597  \\$a087$b00$ah.61.ss.(2.)
=CAT  \\$awr315$b40$c20070213$lBLL01$h1255
=CAT  \\$a11814$b40$c20080909$lBLL01$h1600
=CAT  \\$aBATCH$b00$c20091225$lBLL01$h0203
=CAT  \\$aBATCH-UPD$b00$c20111109$lBLL01$h2205
=CAT  \\$aWR12-140$c20121030$lBLL01$h1051
=CAT  \\$aWR15_100$c20150913$lBLL01$h1617
=FMT  \\$a  MU
=LAS  \\$aWR15_100$b00$c20150913$lBLL01$h1617
=LEO  \\$aCPMR.0000000955
=SRC  \\$aCPMR$bcpmr_bibs_fix2
=STA  \\$aSUPPRESSED$bCat. Printed Music Rejects Load

