=LDR  00839 cm a22002777  4500
=001  013670828
=003  Uk
=005  20150913161700.0
=008  930322||||||||||||\\\\\\\\\\||\|||\und|\
=082  14$a780$215
=100  1\$aIreland, John,$d1879-1962.
=240  10$a3 Songs
=336  \\$anotated music$2rdacontent
=337  \\$aunmediated$2rdamedia
=338  \\$avolume$2rdacarrier
=597  \\$a087$b00$aH.403.m.(4.)$mH
=CAT  \\$awr315$b40$c20070213$lBLL01$h1255
=CAT  \\$a5194$b40$c20070629$lBLL01$h1006
=CAT  \\$aBATCH-UPD$b40$c20120402$lBLL01$h2031
=CAT  \\$aWR12-140$c20121030$lBLL01$h1051
=CAT  \\$aWR15_100$c20150913$lBLL01$h1617
=FMT  \\$a  MU
=LAS  \\$aWR15_100$b00$c20150913$lBLL01$h1617
=LEO  \\$aCPMR.0000001058
=SRC  \\$aCPMR$bcpmr_bibs_fix2
=STA  \\$aSUPPRESSED$bCat. Printed Music Rejects Load

