=LDR  01204 cm a22003617  4500
=001  013670836
=003  Uk
=005  20150913161700.0
=008  930317||||||||||||\\\\\\\\\\||\|||\und|\
=082  14$a780$215
=100  1\$aGiordani, Tommaso,$d1733?-1806.
=240  10$aQueen Mary's Lamentation
=260  00$c[1806?]
=300  00$pfol
=336  \\$anotated music$2rdacontent
=337  \\$aunmediated$2rdamedia
=338  \\$avolume$2rdacarrier
=490  0\$aEsch(L. von) Fourth divertimento ... in which is introduced "Queen Mary's Lamentation"
=597  \\$a087$b00$ah.284.(20.)
=985  \\$aRecord amended for WR# 13/070
=CAT  \\$awr315$b40$c20070213$lBLL01$h1255
=CAT  \\$aBATCH-UPD$b40$c20091224$lBLL01$h2325
=CAT  \\$aBATCH$b00$c20091225$lBLL01$h0203
=CAT  \\$aBATCH-UPD$b00$c20101205$lBLL01$h2231
=CAT  \\$aWR12-140$c20121030$lBLL01$h1050
=CAT  \\$aWR13_070$b00$c20130504$lBLL01$h0250
=CAT  \\$a8870$b40$c20150105$lBLL01$h1536
=CAT  \\$aWR15_100$c20150913$lBLL01$h1617
=FMT  \\$a  MU
=LAS  \\$aWR15_100$b00$c20150913$lBLL01$h1617
=LEO  \\$aCPMR.0000000544
=SRC  \\$aCPMR$bcpmr_bibs_fix2
=STA  \\$aSUPPRESSED$bCat. Printed Music Rejects Load

