=LDR  00892 cm a22002897  4500
=001  013670864
=003  Uk
=005  20150913161700.0
=008  930322||||||||||||\\\\\\\\\\||\|||\und|\
=082  14$a780$215
=100  1\$aJelínek, Ivan,$d1909-2002.
=240  10$aWorks for lute
=336  \\$anotated music$2rdacontent
=337  \\$aunmediated$2rdamedia
=338  \\$avolume$2rdacarrier
=597  \\$a087$b00$ag.818.
=CAT  \\$awr315$b40$c20070213$lBLL01$h1255
=CAT  \\$a5194$b40$c20071018$lBLL01$h1400
=CAT  \\$aWR12-140$c20121030$lBLL01$h1051
=CAT  \\$aBATCH-UPD$b00$c20121030$lBLL01$h1129
=CAT  \\$aBATCH-UPD$b00$c20141011$lBLL01$h1829
=CAT  \\$aWR15_100$c20150913$lBLL01$h1617
=FMT  \\$a  MU
=LAS  \\$aWR15_100$b00$c20150913$lBLL01$h1617
=LEO  \\$aCPMR.0000001061
=SRC  \\$aCPMR$bcpmr_bibs_fix2
=STA  \\$aSUPPRESSED$bCat. Printed Music Rejects Load

