=LDR  00921 cm a22002777  4500
=001  013670874
=003  Uk
=005  20170116105300.0
=008  930322||||||||||||\\\\\\\\\\||\|||\und|\
=082  14$a780$215
=100  1\$aJenkins, D.$q(David),$d1848-1915.
=240  10$aTunes, Chants, & Anthems. Tunes, Chants, & Anthems. Compiled and edited by D. Jenkins
=336  \\$anotated music$2rdacontent
=337  \\$aunmediated$2rdamedia
=338  \\$avolume$2rdacarrier
=597  \\$a087$b00$aC.531.p.$mC
=CAT  \\$awr315$b40$c20070213$lBLL01$h1255
=CAT  \\$aWR12-140$c20121030$lBLL01$h1051
=CAT  \\$aWR15_100$c20150913$lBLL01$h1617
=CAT  \\$a8870$b40$c20170116$lBLL01$h1053
=CAT  \\$aBATCH-UPD$b40$c20170116$lBLL01$h1053
=FMT  \\$a  MU
=LAS  \\$aBATCH-UPD$b40$c20170116$lBLL01$h1053
=LEO  \\$aCPMR.0000001062
=SRC  \\$aCPMR$bcpmr_bibs_fix2
=STA  \\$aSUPPRESSED$bCat. Printed Music Rejects Load

