=LDR  01013 cm a22003257  4500
=001  013670881
=003  Uk
=005  20150913161700.0
=008  930317||||||||||||\\\\\\\\\\||\|||\und|\
=082  14$a780$215
=100  1\$aDe Giosa, Nicola,$d1819-1885.
=240  10$aNapoli di Carnevale
=260  00$c[1880]
=300  00$pfol
=336  \\$anotated music$2rdacontent
=337  \\$aunmediated$2rdamedia
=338  \\$avolume$2rdacarrier
=490  0\$aMenozzi(G.) Napoli ... divertimento per Pianoforte,etc
=597  \\$a087$b00$ah.3607.(1.)
=CAT  \\$awr315$b40$c20070213$lBLL01$h1255
=CAT  \\$a9572$b40$c20080620$lBLL01$h1129
=CAT  \\$aBATCH$b00$c20091225$lBLL01$h0203
=CAT  \\$aWR12-140$c20121030$lBLL01$h1050
=CAT  \\$aBATCH-UPD$b00$c20121030$lBLL01$h1126
=CAT  \\$aWR15_100$c20150913$lBLL01$h1617
=FMT  \\$a  MU
=LAS  \\$aWR15_100$b00$c20150913$lBLL01$h1617
=LEO  \\$aCPMR.0000000548
=SRC  \\$aCPMR$bcpmr_bibs_fix2
=STA  \\$aSUPPRESSED$bCat. Printed Music Rejects Load

