=LDR  01052 cm a22003017  4500
=001  013670900
=003  Uk
=005  20150913161700.0
=008  930317||||||||||||\\\\\\\\\\||\|||\und|\
=082  14$a780$215
=100  1\$aFletcher, Percy E.$q(Percy Eastman),$d1879-1932.
=300  00$p8
=336  \\$anotated music$2rdacontent
=337  \\$aunmediated$2rdamedia
=338  \\$avolume$2rdacarrier
=490  0\$aGounod(C. F.) [4 grands Chœurs. No. 1. Près du fleuve étranger.] By Babylon's Wave ... Arranged ... by P. E. Fletcher. [1908.]
=597  \\$a087$b00$aF.667.(392.)$mF
=CAT  \\$awr315$b40$c20070213$lBLL01$h1255
=CAT  \\$aBATCH$b00$c20091225$lBLL01$h0203
=CAT  \\$a7416$b40$c20120606$lBLL01$h1427
=CAT  \\$aBATCH-UPD$b40$c20120606$lBLL01$h1428
=CAT  \\$aWR12-140$c20121030$lBLL01$h1051
=CAT  \\$aWR15_100$c20150913$lBLL01$h1617
=FMT  \\$a  MU
=LAS  \\$aWR15_100$b00$c20150913$lBLL01$h1617
=LEO  \\$aCPMR.0000000344
=SRC  \\$aCPMR$bcpmr_bibs_fix2
=STA  \\$aSUPPRESSED$bCat. Printed Music Rejects Load

