=LDR  01180 cm a22003017  4500
=001  013670907
=003  Uk
=005  20150913161700.0
=008  930322||||||||||||\\\\\\\\\\||\|||\und|\
=082  14$a780$215
=100  1\$aJones, Robert,$dactive 1597-1615.
=240  10$aThe First Booke of Songes and Ayres. The First Booke of Songes & Ayres of foure parts with Tableture for the Lute. So made that all the parts together, or either of them severally, may be song to the Lute, Orpherian or Viol de Gambo, etc
=336  \\$anotated music$2rdacontent
=337  \\$aunmediated$2rdamedia
=338  \\$avolume$2rdacarrier
=597  \\$a087$b00$aK.9.a.17.(1.)$mK
=985  \\$aRecord amended for WR# 13/070
=CAT  \\$awr315$b40$c20070213$lBLL01$h1255
=CAT  \\$aBATCH-UPD$b40$c20080622$lBLL01$h2030
=CAT  \\$aWR12-140$c20121030$lBLL01$h1051
=CAT  \\$aBATCH-UPD$b00$c20121030$lBLL01$h1129
=CAT  \\$aWR13_070$b00$c20130504$lBLL01$h0250
=CAT  \\$aWR15_100$c20150913$lBLL01$h1617
=FMT  \\$a  MU
=LAS  \\$aWR15_100$b00$c20150913$lBLL01$h1617
=LEO  \\$aCPMR.0000001065
=SRC  \\$aCPMR$bcpmr_bibs_fix2
=STA  \\$aSUPPRESSED$bCat. Printed Music Rejects Load

