=LDR  01001 cm a22002897  4500
=001  013670921
=003  Uk
=005  20150913161700.0
=008  930325||||||||||||\\\\\\\\\\||\|||\und|\
=082  14$a780$215
=100  1\$aReinecke, Carl,$d1824-1910.
=240  10$aKinderlieder. Voice parts of 27 Kinderlieder from Op. 37, Op. 63 and Op. 75. English words. Tonic sol-fa notation
=336  \\$anotated music$2rdacontent
=337  \\$aunmediated$2rdamedia
=338  \\$avolume$2rdacarrier
=597  \\$a087$b00$aB.559.x.(16.)$mB
=CAT  \\$awr315$b40$c20070213$lBLL01$h1255
=CAT  \\$a11244$b40$c20070319$lBLL01$h1342
=CAT  \\$aBATCH-UPD$b40$c20070319$lBLL01$h1348
=CAT  \\$aWR12-140$c20121030$lBLL01$h1051
=CAT  \\$aBATCH-UPD$b00$c20121030$lBLL01$h1130
=CAT  \\$aWR15_100$c20150913$lBLL01$h1617
=FMT  \\$a  MU
=LAS  \\$aWR15_100$b00$c20150913$lBLL01$h1617
=LEO  \\$aCPMR.0000001272
=SRC  \\$aCPMR$bcpmr_bibs_fix2
=STA  \\$aSUPPRESSED$bCat. Printed Music Rejects Load

