=LDR  01099 cm a22003137  4500
=001  013670930
=003  Uk
=005  20150913161700.0
=008  930318||||||||||||\\\\\\\\\\||\|||\und|\
=082  14$a780$215
=100  1\$aHérold, Ferdinand,$d1791-1833.
=240  10$aZampa. - Single numbers. L'écho de nos montagnes
=300  00$pobl. 4
=336  \\$anotated music$2rdacontent
=337  \\$aunmediated$2rdamedia
=338  \\$avolume$2rdacarrier
=490  0\$aStrauss(J.)the Elder.[Zampa- und Montecchi-Galopp. Op. 62.] Zampa-Galopp,etc.<Für das Piano-Forte zu 4 Händen.> [1832.]
=597  \\$a087$b00$ae.284.e.(13.)
=CAT  \\$awr315$b40$c20070213$lBLL01$h1255
=CAT  \\$a11814$b40$c20080909$lBLL01$h1600
=CAT  \\$aBATCH$b00$c20091225$lBLL01$h0203
=CAT  \\$aBATCH-UPD$b00$c20111109$lBLL01$h2205
=CAT  \\$aWR12-140$c20121030$lBLL01$h1051
=CAT  \\$aWR15_100$c20150913$lBLL01$h1617
=FMT  \\$a  MU
=LAS  \\$aWR15_100$b00$c20150913$lBLL01$h1617
=LEO  \\$aCPMR.0000000964
=SRC  \\$aCPMR$bcpmr_bibs_fix2
=STA  \\$aSUPPRESSED$bCat. Printed Music Rejects Load

