=LDR  00983 cm a22002777  4500
=001  013670931
=003  Uk
=005  20150913164700.0
=008  930322||||||||||||\\\\\\\\\\||\|||\und|\
=082  14$a780$215
=100  10$aJones, Sidney,$d1861-1946.
=240  10$aThe Medal and the Maid. Three vocal numbers. No. 25. Duet. Hide and Seek. No. 26. Song and Chorus. Zingari we. No. 27. Song. Haidee. Music by S. Jones
=336  \\$anotated music$2rdacontent
=337  \\$aunmediated$2rdamedia
=338  \\$avolume$2rdacarrier
=597  \\$a087$b00$aF.637.z.(6.)$mF
=CAT  \\$awr315$b40$c20070213$lBLL01$h1255
=CAT  \\$a5194$b40$c20080513$lBLL01$h1408
=CAT  \\$aWR12-140$c20121030$lBLL01$h1051
=CAT  \\$aWR15_100$c20150913$lBLL01$h1617
=CAT  \\$aBATCH-UPD$b00$c20150913$lBLL01$h1647
=FMT  \\$a  MU
=LAS  \\$aBATCH-UPD$b00$c20150913$lBLL01$h1647
=LEO  \\$aCPMR.0000001067
=SRC  \\$aCPMR$bcpmr_bibs_fix2
=STA  \\$aSUPPRESSED$bCat. Printed Music Rejects Load

