=LDR  01036 cm a22003137  4500
=001  013670952
=003  Uk
=005  20150913161700.0
=008  930318||||||||||||\\\\\\\\\\||\|||\und|\
=082  14$a780$215
=100  1\$aHalévy, F.,$d1799-1862.
=240  10$aLes Treize
=300  00$pfol
=336  \\$anotated music$2rdacontent
=337  \\$aunmediated$2rdamedia
=338  \\$avolume$2rdacarrier
=490  0\$aLabitzky(J.) First <second, third> Set of Quadrilles [on airs] from Halevy's opera "Les Treize". [P. F.] [1841.]
=597  \\$a087$b00$ah.850.(31.)
=CAT  \\$awr315$b40$c20070213$lBLL01$h1255
=CAT  \\$a11814$b40$c20081223$lBLL01$h1423
=CAT  \\$aBATCH$b00$c20091225$lBLL01$h0203
=CAT  \\$aWR12-140$c20121030$lBLL01$h1051
=CAT  \\$aBATCH-UPD$b00$c20121030$lBLL01$h1129
=CAT  \\$aWR15_100$c20150913$lBLL01$h1617
=FMT  \\$a  MU
=LAS  \\$aWR15_100$b00$c20150913$lBLL01$h1617
=LEO  \\$aCPMR.0000000760
=SRC  \\$aCPMR$bcpmr_bibs_fix2
=STA  \\$aSUPPRESSED$bCat. Printed Music Rejects Load

