=LDR  01069 cm a22003017  4500
=001  013670963
=003  Uk
=005  20160513115700.0
=008  930318||||||||||||\\\\\\\\\\||\|||\und|\
=082  14$a780$215
=100  10$aHavergal, Maria V. G.$q(Maria Vernon Graham),$d1821-1887.
=300  00$p8
=336  \\$anotated music$2rdacontent
=337  \\$aunmediated$2rdamedia
=338  \\$avolume$2rdacarrier
=490  0\$aHavergal(Frances R.) Loyal Responses. The last melodies of F. R. Havergal. With other poems and tunes. [Edited by M. V. G. Havergal.] [1881.]
=597  \\$a087$b00$aF.272.ff.$mF
=CAT  \\$awr315$b40$c20070213$lBLL01$h1255
=CAT  \\$aBATCH$b00$c20091225$lBLL01$h0203
=CAT  \\$aWR12-140$c20121030$lBLL01$h1051
=CAT  \\$aWR15_100$c20150913$lBLL01$h1617
=CAT  \\$a5194$b40$c20160513$lBLL01$h1156
=CAT  \\$aBATCH-UPD$b40$c20160513$lBLL01$h1157
=FMT  \\$a  MU
=LAS  \\$aBATCH-UPD$b40$c20160513$lBLL01$h1157
=LEO  \\$aCPMR.0000000864
=SRC  \\$aCPMR$bcpmr_bibs_fix2
=STA  \\$aSUPPRESSED$bCat. Printed Music Rejects Load

