=LDR  00984 cm a22002777  4500
=001  013670966
=003  Uk
=005  20150913161700.0
=008  930323||||||||||||\\\\\\\\\\||\|||\und|\
=082  14$a780$215
=100  1\$aMiné, Jacques Claude Adolphe,$d1796-1854.
=240  10$aLivre d'Orgue, contenant l'office de l'année, tout le plain-chant arrangé à trois parties, et suivi de plusieurs pièces d'Orgue. Op. 26
=336  \\$anotated music$2rdacontent
=337  \\$aunmediated$2rdamedia
=338  \\$avolume$2rdacarrier
=597  \\$a087$b00$ae.1161.
=CAT  \\$awr315$b40$c20070213$lBLL01$h1255
=CAT  \\$a5194$b40$c20120416$lBLL01$h1456
=CAT  \\$aBATCH-UPD$b40$c20120416$lBLL01$h1456
=CAT  \\$aWR12-140$c20121030$lBLL01$h1051
=CAT  \\$aWR15_100$c20150913$lBLL01$h1617
=FMT  \\$a  MU
=LAS  \\$aWR15_100$b00$c20150913$lBLL01$h1617
=LEO  \\$aCPMR.0000001173
=SRC  \\$aCPMR$bcpmr_bibs_fix2
=STA  \\$aSUPPRESSED$bCat. Printed Music Rejects Load

