=LDR  00948 cm a22002897  4500
=001  013670971
=003  Uk
=005  20150913161700.0
=008  930316||||||||||||\\\\\\\\\\||\|||\und|\
=082  14$a780$215
=100  0\$aCrawhall, Joseph
=240  10$aA Beuk o' Newcassel Sangs
=300  00$p8
=336  \\$anotated music$2rdacontent
=337  \\$aunmediated$2rdamedia
=338  \\$avolume$2rdacarrier
=490  0\$aGraham (Frank) Tyneside Songs. [Compiled by F. Graham, chiefly from "A Beuk o' Newcassel Sangs" by J. Crawhall.] [1965.]
=597  \\$a087$b00$aX.439/400.$mX
=CAT  \\$awr315$b40$c20070213$lBLL01$h1255
=CAT  \\$aBATCH$b00$c20091225$lBLL01$h0203
=CAT  \\$aWR12-140$c20121030$lBLL01$h1051
=CAT  \\$aWR15_100$c20150913$lBLL01$h1617
=FMT  \\$a  MU
=LAS  \\$aWR15_100$b00$c20150913$lBLL01$h1617
=LEO  \\$aCPMR.0000000247
=SRC  \\$aCPMR$bcpmr_bibs_fix2
=STA  \\$aSUPPRESSED$bCat. Printed Music Rejects Load

