=LDR  01064 cm a22003137  4500
=001  013670977
=003  Uk
=005  20160513115800.0
=008  930318||||||||||||\\\\\\\\\\||\|||\und|\
=082  14$a780$215
=100  1\$aHavergal, W. H.$q(William Henry),$d1793-1870.
=240  10$aEvan
=300  00$p8
=336  \\$anotated music$2rdacontent
=337  \\$aunmediated$2rdamedia
=338  \\$avolume$2rdacarrier
=490  0\$aBarker(Dale W.) This is the Day ... Choral setting of the hymn tune ♯Evan' [by W. H. Havergal] by D. W. Barker. [1960.]
=597  \\$a087$b00$aF.1171.qq.(25.)$mF
=CAT  \\$awr315$b40$c20070213$lBLL01$h1255
=CAT  \\$aBATCH$b00$c20091225$lBLL01$h0203
=CAT  \\$aWR12-140$c20121030$lBLL01$h1051
=CAT  \\$aWR15_100$c20150913$lBLL01$h1617
=CAT  \\$a5194$b40$c20160513$lBLL01$h1158
=CAT  \\$aBATCH-UPD$b40$c20160513$lBLL01$h1158
=FMT  \\$a  MU
=LAS  \\$aBATCH-UPD$b40$c20160513$lBLL01$h1158
=LEO  \\$aCPMR.0000000865
=SRC  \\$aCPMR$bcpmr_bibs_fix2
=STA  \\$aSUPPRESSED$bCat. Printed Music Rejects Load

