=LDR  01040 cm a22003137  4500
=001  013671009
=003  Uk
=005  20160406164500.0
=008  930317||||||||||||\\\\\\\\\\||\|||\und|\
=082  14$a780$215
=100  1\$aGardiner, H. Balfour$q(Henry Balfour),$d1877-1950.
=240  10$aNews from Whydah
=300  00$p4
=336  \\$anotated music$2rdacontent
=337  \\$aunmediated$2rdamedia
=338  \\$avolume$2rdacarrier
=490  0\$aBush(Geoffrey) Whydah Variations. On a theme by B. Gardiner. For two pianos. [1966.]
=597  \\$a087$b00$ag.1122.j.(11.)
=CAT  \\$awr315$b40$c20070213$lBLL01$h1255
=CAT  \\$aBATCH$b00$c20091225$lBLL01$h0203
=CAT  \\$aWR12-140$c20121030$lBLL01$h1051
=CAT  \\$aWR15_100$c20150913$lBLL01$h1617
=CAT  \\$a8870$b40$c20160406$lBLL01$h1642
=CAT  \\$aBATCH-UPD$b40$c20160406$lBLL01$h1645
=FMT  \\$a  MU
=LAS  \\$aBATCH-UPD$b40$c20160406$lBLL01$h1645
=LEO  \\$aCPMR.0000000456
=SRC  \\$aCPMR$bcpmr_bibs_fix2
=STA  \\$aSUPPRESSED$bCat. Printed Music Rejects Load

