=LDR  00740 cm a22002537  4500
=001  013671048
=003  Uk
=005  20150913161700.0
=008  930322||||||||||||\\\\\\\\\\||\|||\und|\
=082  14$a780$215
=100  0\$aKomatsu, Kōsuke
=240  10$aSara no Ki. Six songs
=336  \\$anotated music$2rdacontent
=337  \\$aunmediated$2rdamedia
=338  \\$avolume$2rdacarrier
=597  \\$a087$b00$aG.1362.a.$mG
=CAT  \\$awr315$b40$c20070213$lBLL01$h1255
=CAT  \\$aWR12-140$c20121030$lBLL01$h1051
=CAT  \\$aWR15_100$c20150913$lBLL01$h1617
=FMT  \\$a  MU
=LAS  \\$aWR15_100$b00$c20150913$lBLL01$h1617
=LEO  \\$aCPMR.0000001077
=SRC  \\$aCPMR$bcpmr_bibs_fix2
=STA  \\$aSUPPRESSED$bCat. Printed Music Rejects Load

