=LDR  01070 cm a22003137  4500
=001  013671053
=003  Uk
=005  20150913161700.0
=008  930317||||||||||||\\\\\\\\\\||\|||\und|\
=082  14$a780$215
=100  1\$aGasse, F.$q(Ferdinand)
=300  00$pfol
=336  \\$anotated music$2rdacontent
=337  \\$aunmediated$2rdamedia
=338  \\$avolume$2rdacarrier
=490  0\$aHaendel(G. F.) [Messiah.] Le Messie. Oratorio ... Accompagt de piano & harmonie en petites notes parF. Gasse. [1840?]
=597  \\$a087$b00$aHirsch iv .779.$mH
=CAT  \\$awr315$b40$c20070213$lBLL01$h1255
=CAT  \\$a5100$b40$c20090916$lBLL01$h0945
=CAT  \\$aBATCH-UPD$b40$c20090916$lBLL01$h0945
=CAT  \\$aBATCH$b00$c20091225$lBLL01$h0203
=CAT  \\$aWR12-140$c20121030$lBLL01$h1051
=CAT  \\$aBATCH-UPD$b00$c20121030$lBLL01$h1128
=CAT  \\$aWR15_100$c20150913$lBLL01$h1617
=FMT  \\$a  MU
=LAS  \\$aWR15_100$b00$c20150913$lBLL01$h1617
=LEO  \\$aCPMR.0000000460
=SRC  \\$aCPMR$bcpmr_bibs_fix2
=STA  \\$aSUPPRESSED$bCat. Printed Music Rejects Load

