=LDR  01065 cm a22003137  4500
=001  013671063
=003  Uk
=005  20150913161700.0
=008  930316||||||||||||\\\\\\\\\\||\|||\und|\
=082  14$a780$215
=100  1\$aDalayrac, N.$q(Nicolas),$d1753-1809.
=240  10$aGulistan. Le Point du jour
=300  00$pfol
=336  \\$anotated music$2rdacontent
=337  \\$aunmediated$2rdamedia
=338  \\$avolume$2rdacarrier
=490  0\$aFranck (C. A. J. G. H.) 2e. Fantaisie sur l'Air ... "Le Point du jour," de Gulistan ... pour Piano, etc. [1844.]
=597  \\$a087$b00$ag.605.dd.(8.)
=CAT  \\$awr315$b40$c20070213$lBLL01$h1255
=CAT  \\$a11814$b40$c20080820$lBLL01$h1631
=CAT  \\$aBATCH$b00$c20091225$lBLL01$h0203
=CAT  \\$aBATCH-UPD$b00$c20101014$lBLL01$h1325
=CAT  \\$aWR12-140$c20121030$lBLL01$h1051
=CAT  \\$aWR15_100$c20150913$lBLL01$h1617
=FMT  \\$a  MU
=LAS  \\$aWR15_100$b00$c20150913$lBLL01$h1617
=LEO  \\$aCPMR.0000000255
=SRC  \\$aCPMR$bcpmr_bibs_fix2
=STA  \\$aSUPPRESSED$bCat. Printed Music Rejects Load

