=LDR  01091 cm a22003137  4500
=001  013671066
=003  Uk
=005  20150913161700.0
=008  930317||||||||||||\\\\\\\\\\||\|||\und|\
=082  14$a780$215
=100  1\$aGluck, Christoph Willibald,$cRitter von,$d1714-1787.
=240  10$aAir marqué
=300  00$pfol
=336  \\$anotated music$2rdacontent
=337  \\$aunmediated$2rdamedia
=338  \\$avolume$2rdacarrier
=490  0\$aDussek(Jan L.) The Favorite Scythian Dance, in the opera of Iphigénie en Tauride composed by Gluck ... arranged as a rondo,etc. [1796.]
=597  \\$a087$b00$ag.452.r.(6.)
=CAT  \\$awr315$b40$c20070213$lBLL01$h1255
=CAT  \\$a11306$b40$c20070613$lBLL01$h1102
=CAT  \\$aBATCH$b00$c20091225$lBLL01$h0203
=CAT  \\$aBATCH-UPD$b00$c20120804$lBLL01$h1932
=CAT  \\$aWR12-140$c20121030$lBLL01$h1051
=CAT  \\$aWR15_100$c20150913$lBLL01$h1617
=FMT  \\$a  MU
=LAS  \\$aWR15_100$b00$c20150913$lBLL01$h1617
=LEO  \\$aCPMR.0000000564
=SRC  \\$aCPMR$bcpmr_bibs_fix2
=STA  \\$aSUPPRESSED$bCat. Printed Music Rejects Load

