=LDR  00892 cm a22002777  4500
=001  013671071
=003  Uk
=005  20170330163100.0
=008  930322||||||||||||\\\\\\\\\\||\|||\und|\
=082  14$a780$215
=100  1\$aKotter, Hans,$dapproximately 1485-1541.
=240  10$aThematic catalogue and selected transcriptions
=336  \\$anotated music$2rdacontent
=337  \\$aunmediated$2rdamedia
=338  \\$avolume$2rdacarrier
=597  \\$a087$b00$aHirsch.1768.$mH
=CAT  \\$awr315$b40$c20070213$lBLL01$h1255
=CAT  \\$aWR12-140$c20121030$lBLL01$h1051
=CAT  \\$aWR15_100$c20150913$lBLL01$h1617
=CAT  \\$a8870$b40$c20170330$lBLL01$h1631
=CAT  \\$aBATCH-UPD$b40$c20170330$lBLL01$h1631
=FMT  \\$a  MU
=LAS  \\$aBATCH-UPD$b40$c20170330$lBLL01$h1631
=LEO  \\$aCPMR.0000001079
=SRC  \\$aCPMR$bcpmr_bibs_fix2
=STA  \\$aSUPPRESSED$bCat. Printed Music Rejects Load

