=LDR  00991 cm a22003017  4500
=001  013671078
=003  Uk
=005  20150913161700.0
=008  930317||||||||||||\\\\\\\\\\||\|||\und|\
=082  14$a780$215
=100  1\$aGatayes,$d1774-1846.
=300  00$p8
=336  \\$anotated music$2rdacontent
=337  \\$aunmediated$2rdamedia
=338  \\$avolume$2rdacarrier
=490  0\$aPatrat(A.) Le je ne sais quoi ... Avec accompagnement de lyre ou guitare par Gatayes. [c. 1815.]
=597  \\$a087$b00$aE.1717.p.(54.)$mE
=CAT  \\$awr315$b40$c20070213$lBLL01$h1255
=CAT  \\$aBATCH$b00$c20091225$lBLL01$h0203
=CAT  \\$a8870$b40$c20111206$lBLL01$h1330
=CAT  \\$aBATCH-UPD$b40$c20111206$lBLL01$h1331
=CAT  \\$aWR12-140$c20121030$lBLL01$h1051
=CAT  \\$aWR15_100$c20150913$lBLL01$h1617
=FMT  \\$a  MU
=LAS  \\$aWR15_100$b00$c20150913$lBLL01$h1617
=LEO  \\$aCPMR.0000000462
=SRC  \\$aCPMR$bcpmr_bibs_fix2
=STA  \\$aSUPPRESSED$bCat. Printed Music Rejects Load

