=LDR  00924 cm a22002777  4500
=001  013671085
=003  Uk
=005  20150913161700.0
=008  930401||||||||||||\\\\\\\\\\||\|||\und|\
=082  14$a780$215
=100  1\$aWalton, William,$d1902-1983.
=240  10$aTroilus and Cressida. Troilus and Cressida. Opera. Libretto by Christopher Hassall. Vocal score
=336  \\$anotated music$2rdacontent
=337  \\$aunmediated$2rdamedia
=338  \\$avolume$2rdacarrier
=597  \\$a087$b00$aG.1451.$mG
=CAT  \\$awr315$b40$c20070213$lBLL01$h1255
=CAT  \\$a8874$b40$c20070822$lBLL01$h1348
=CAT  \\$aBATCH-UPD$b40$c20100725$lBLL01$h2135
=CAT  \\$aWR12-140$c20121030$lBLL01$h1051
=CAT  \\$aWR15_100$c20150913$lBLL01$h1617
=FMT  \\$a  MU
=LAS  \\$aWR15_100$b00$c20150913$lBLL01$h1617
=LEO  \\$aCPMR.0000001389
=SRC  \\$aCPMR$bcpmr_bibs_fix2
=STA  \\$aSUPPRESSED$bCat. Printed Music Rejects Load

