=LDR  01069 cm a22003017  4500
=001  013671091
=003  Uk
=005  20150913161700.0
=008  930318||||||||||||\\\\\\\\\\||\|||\und|\
=082  14$a780$215
=100  1\$aHall, Henry,$d1898-1989.
=300  00$p4.̊
=336  \\$anotated music$2rdacontent
=337  \\$aunmediated$2rdamedia
=338  \\$avolume$2rdacarrier
=490  0\$aKern(Jerome D.) Jerome Kern Melodies. [Arranged for orchestra by] H. Hall. [1934.] [Chappell & Co.'s Operatic and popular Selections for Orchestra by various Composers. no. 283.]
=597  \\$a087$b00$af.242.
=CAT  \\$awr315$b40$c20070213$lBLL01$h1255
=CAT  \\$a7416$b40$c20090428$lBLL01$h1052
=CAT  \\$aBATCH$b00$c20091225$lBLL01$h0203
=CAT  \\$aBATCH-UPD$b00$c20100625$lBLL01$h2041
=CAT  \\$aWR12-140$c20121030$lBLL01$h1051
=CAT  \\$aWR15_100$c20150913$lBLL01$h1617
=FMT  \\$a  MU
=LAS  \\$aWR15_100$b00$c20150913$lBLL01$h1617
=LEO  \\$aCPMR.0000000772
=SRC  \\$aCPMR$bcpmr_bibs_fix2
=STA  \\$aSUPPRESSED$bCat. Printed Music Rejects Load

