=LDR  01013 cm a22003137  4500
=001  013671101
=003  Uk
=005  20150913161700.0
=008  930317||||||||||||\\\\\\\\\\||\|||\und|\
=082  14$a780$215
=100  1\$aGodard, Benjamin,$d1849-1895.
=260  00$c[1883]
=300  00$pfol
=336  \\$anotated music$2rdacontent
=337  \\$aunmediated$2rdamedia
=338  \\$avolume$2rdacarrier
=490  0\$aVieuxtemps(H.) [Trois Fantaisies ... Op. 54A.] Saltarelle ... orchestrée par B. Godard
=597  \\$a087$b00$ah.1661.a.(6.)
=CAT  \\$awr315$b40$c20070213$lBLL01$h1255
=CAT  \\$aBATCH$b00$c20091225$lBLL01$h0203
=CAT  \\$a7416$b40$c20111128$lBLL01$h1420
=CAT  \\$aBATCH-UPD$b40$c20111128$lBLL01$h1421
=CAT  \\$aWR12-140$c20121030$lBLL01$h1050
=CAT  \\$aWR15_100$c20150913$lBLL01$h1617
=FMT  \\$a  MU
=LAS  \\$aWR15_100$b00$c20150913$lBLL01$h1617
=LEO  \\$aCPMR.0000000567
=SRC  \\$aCPMR$bcpmr_bibs_fix2
=STA  \\$aSUPPRESSED$bCat. Printed Music Rejects Load

