=LDR  00883 cm a22002777  4500
=001  013671119
=003  Uk
=005  20200918152800.0
=008  930323||||||||||||\\\\\\\\\\||\|||\und|\
=082  14$a780$215
=100  1\$aO'Connor-Morris, G.$q(Geoffrey),$d1886-1964.
=240  10$aCommunion Service in E flat. Op. 28
=336  \\$anotated music$2rdacontent
=337  \\$aunmediated$2rdamedia
=338  \\$avolume$2rdacarrier
=597  \\$a087$b00$aE.1433.a.$mE
=CAT  \\$awr315$b40$c20070213$lBLL01$h1255
=CAT  \\$aWR12-140$c20121030$lBLL01$h1051
=CAT  \\$aWR15_100$c20150913$lBLL01$h1617
=CAT  \\$a8870$b40$c20200918$lBLL01$h1528
=CAT  \\$aBATCH-UPD$b40$c20200918$lBLL01$h1528
=FMT  \\$a  MU
=LAS  \\$aBATCH-UPD$b40$c20200918$lBLL01$h1528
=LEO  \\$aCPMR.0000001186
=SRC  \\$aCPMR$bcpmr_bibs_fix2
=STA  \\$aSUPPRESSED$bCat. Printed Music Rejects Load

