=LDR  01020 cm a22003017  4500
=001  013671126
=003  Uk
=005  20150913161700.0
=008  930317||||||||||||\\\\\\\\\\||\|||\und|\
=082  14$a780$215
=100  1\$aGaul, Harvey B.$q(Harvey Bartlett),$d1881-1945.
=300  00$pobl. fol
=336  \\$anotated music$2rdacontent
=337  \\$aunmediated$2rdamedia
=338  \\$avolume$2rdacarrier
=490  0\$aIl'insky(A. A.) [Nour et Anitra. Op. 13. No. 7.] Berceuse ... Arranged ... by H. B. Gaul. 1909.
=597  \\$a087$b00$af.314.y.(10.)
=CAT  \\$awr315$b40$c20070213$lBLL01$h1255
=CAT  \\$a5194$b40$c20070906$lBLL01$h0859
=CAT  \\$aBATCH$b00$c20091225$lBLL01$h0203
=CAT  \\$aWR12-140$c20121030$lBLL01$h1051
=CAT  \\$aBATCH-UPD$b00$c20130719$lBLL01$h2125
=CAT  \\$aWR15_100$c20150913$lBLL01$h1617
=FMT  \\$a  MU
=LAS  \\$aWR15_100$b00$c20150913$lBLL01$h1617
=LEO  \\$aCPMR.0000000466
=SRC  \\$aCPMR$bcpmr_bibs_fix2
=STA  \\$aSUPPRESSED$bCat. Printed Music Rejects Load

