=LDR  01284 cm a22003377  4500
=001  013671136
=003  Uk
=005  20210506151051.0
=008  930308||||||||||||\\\\\\\\\\||\|||\ger|\
=082  14$a780$215
=100  1\$aBartók, Béla,$d1881-1945.
=240  10$aMelodien der rumänischen Colinde Kórusm̈vek
=300  00$p8
=336  \\$anotated music$2rdacontent
=337  \\$aunmediated$2rdamedia
=338  \\$avolume$2rdacarrier
=490  0\$aArma (P.) Colinde-Chöre. Hirtenlieder zur Weihnachtszeit. Shepherd's Christmas Songs ... Für gemsichten Chor bearbeitet von P. Arma, etc. [1959.]
=597  \\$a087$b00$aF.1900.b.(19.)$mF
=883  0\$aLanguage codes assigned by Bayesian analysis of words present in record$d20210115$qUk$c0.9450
=CAT  \\$awr315$b40$c20070213$lBLL01$h1255
=CAT  \\$aBATCH$b00$c20091225$lBLL01$h0203
=CAT  \\$a7416$b40$c20111024$lBLL01$h1426
=CAT  \\$aBATCH-UPD$b40$c20111024$lBLL01$h1427
=CAT  \\$aWR12-140$c20121030$lBLL01$h1051
=CAT  \\$aWR15_100$c20150913$lBLL01$h1617
=CAT  \\$aW2102-0046$b00$c20210506$lBLL01$h1510
=FMT  \\$a  MU
=LAS  \\$aW2102-0046$b00$c20210506$lBLL01$h1510
=LEO  \\$aCPMR.0000000158
=SRC  \\$aCPMR$bcpmr_bibs_fix2
=STA  \\$aSUPPRESSED$bCat. Printed Music Rejects Load

