=LDR  01019 cm a22003017  4500
=001  013671151
=003  Uk
=005  20150913164800.0
=008  930317||||||||||||\\\\\\\\\\||\|||\und|\
=082  14$a780$215
=100  1\$aGodfrey, Charles,$d1866-1935.
=300  00$p4
=336  \\$anotated music$2rdacontent
=337  \\$aunmediated$2rdamedia
=338  \\$avolume$2rdacarrier
=490  0\$aChaikovsky(P. I.) [Symphony No. 5. Op. 64.] Valse-allegro moderato,etc.(Revised for Orchestra by C. Godfrey.) 1927.
=597  \\$a087$b00$ah.3210.h.(252.)
=CAT  \\$awr315$b40$c20070213$lBLL01$h1255
=CAT  \\$a11814$b40$c20080228$lBLL01$h1711
=CAT  \\$aBATCH$b00$c20091225$lBLL01$h0203
=CAT  \\$aWR12-140$c20121030$lBLL01$h1051
=CAT  \\$aWR15_100$c20150913$lBLL01$h1617
=CAT  \\$aBATCH-UPD$b00$c20150913$lBLL01$h1648
=FMT  \\$a  MU
=LAS  \\$aBATCH-UPD$b00$c20150913$lBLL01$h1648
=LEO  \\$aCPMR.0000000571
=SRC  \\$aCPMR$bcpmr_bibs_fix2
=STA  \\$aSUPPRESSED$bCat. Printed Music Rejects Load

