=LDR  00941 cm a22002897  4500
=001  013671152
=003  Uk
=005  20150913161700.0
=008  930318||||||||||||\\\\\\\\\\||\|||\und|\
=082  14$a780$215
=100  1\$aGrimshaw, Emile.
=300  00$p4
=336  \\$anotated music$2rdacontent
=337  \\$aunmediated$2rdamedia
=338  \\$avolume$2rdacarrier
=490  0\$aOffenbach(J.) [Les Contes d'Hoffmann. - Belle nuit.] Barcarolle ... Arranged by E. Grimshaw,etc. 1935.
=597  \\$a087$b00$ag.660.e.(15.)
=CAT  \\$awr315$b40$c20070213$lBLL01$h1255
=CAT  \\$aBATCH$b00$c20091225$lBLL01$h0203
=CAT  \\$aWR12-140$c20121030$lBLL01$h1051
=CAT  \\$aBATCH-UPD$b00$c20121030$lBLL01$h1128
=CAT  \\$aWR15_100$c20150913$lBLL01$h1617
=FMT  \\$a  MU
=LAS  \\$aWR15_100$b00$c20150913$lBLL01$h1617
=LEO  \\$aCPMR.0000000674
=SRC  \\$aCPMR$bcpmr_bibs_fix2
=STA  \\$aSUPPRESSED$bCat. Printed Music Rejects Load

