=LDR  00978 cm a22003017  4500
=001  013671175
=003  Uk
=005  20160708211000.0
=008  930318||||||||||||\\\\\\\\\\||\|||\und|\
=082  14$a780$215
=100  1\$aHam, Albert.
=300  00$pobl. fol
=336  \\$anotated music$2rdacontent
=337  \\$aunmediated$2rdamedia
=338  \\$avolume$2rdacarrier
=490  0\$aHesse(A. F.) Introduction and Fugue in E flat ... Arranged ... by A. Ham. [1918.]
=597  \\$a087$b00$af.334.gg.(15.)
=CAT  \\$awr315$b40$c20070213$lBLL01$h1255
=CAT  \\$aBATCH$b00$c20091225$lBLL01$h0203
=CAT  \\$aWR12-140$c20121030$lBLL01$h1051
=CAT  \\$aWR15_100$c20150913$lBLL01$h1617
=CAT  \\$aBATCH-UPD$b00$c20150913$lBLL01$h1648
=CAT  \\$aBATCH-UPD$b00$c20160708$lBLL01$h2110
=FMT  \\$a  MU
=LAS  \\$aBATCH-UPD$b00$c20160708$lBLL01$h2110
=LEO  \\$aCPMR.0000000779
=SRC  \\$aCPMR$bcpmr_bibs_fix2
=STA  \\$aSUPPRESSED$bCat. Printed Music Rejects Load

