=LDR  01113 cm a22003257  4500
=001  013671188
=003  Uk
=005  20150913161700.0
=008  930318||||||||||||\\\\\\\\\\||\|||\und|\
=082  14$a780$215
=100  1\$aHerz, Henri,$d1803-1888.
=240  10$aContredanses. Op. 35. No. 3. La Poule
=300  00$pfol
=336  \\$anotated music$2rdacontent
=337  \\$aunmediated$2rdamedia
=338  \\$avolume$2rdacarrier
=490  0\$aRost(J. M.) A Second Quadrille Rondo, (Subject taken from [Contredanses, Op. 35, by H.] Herz),etc.[c. 1835.]
=597  \\$a087$b00$ah.62.dd.(24.)
=CAT  \\$awr315$b40$c20070213$lBLL01$h1255
=CAT  \\$a11244$b40$c20070627$lBLL01$h0925
=CAT  \\$aBATCH-UPD$b40$c20070627$lBLL01$h0935
=CAT  \\$aBATCH$b00$c20091225$lBLL01$h0203
=CAT  \\$aWR12-140$c20121030$lBLL01$h1051
=CAT  \\$aBATCH-UPD$b00$c20121030$lBLL01$h1129
=CAT  \\$aWR15_100$c20150913$lBLL01$h1617
=FMT  \\$a  MU
=LAS  \\$aWR15_100$b00$c20150913$lBLL01$h1617
=LEO  \\$aCPMR.0000000986
=SRC  \\$aCPMR$bcpmr_bibs_fix2
=STA  \\$aSUPPRESSED$bCat. Printed Music Rejects Load

