=LDR  00952 cm a22002897  4500
=001  013671189
=003  Uk
=005  20150913161700.0
=008  930329||||||||||||\\\\\\\\\\||\|||\und|\
=082  14$a780$215
=100  1\$aSacchini, Antonio,$d1730-1786.
=240  10$aL'Amore soldato. - Overture, arranged for keyboard and violin
=336  \\$anotated music$2rdacontent
=337  \\$aunmediated$2rdamedia
=338  \\$avolume$2rdacarrier
=597  \\$a087$b00$ae.269.b.(7.)
=CAT  \\$awr315$b40$c20070213$lBLL01$h1255
=CAT  \\$aBATCH-UPD$b40$c20070607$lBLL01$h0627
=CAT  \\$aWR12-140$c20121030$lBLL01$h1051
=CAT  \\$aBATCH-UPD$b00$c20121030$lBLL01$h1130
=CAT  \\$aBATCH-UPD$b00$c20131002$lBLL01$h2116
=CAT  \\$aWR15_100$c20150913$lBLL01$h1617
=FMT  \\$a  MU
=LAS  \\$aWR15_100$b00$c20150913$lBLL01$h1617
=LEO  \\$aCPMR.0000001295
=SRC  \\$aCPMR$bcpmr_bibs_fix2
=STA  \\$aSUPPRESSED$bCat. Printed Music Rejects Load

