=LDR  00990 cm a22003137  4500
=001  013671193
=003  Uk
=005  20150913161700.0
=008  930317||||||||||||\\\\\\\\\\||\|||\und|\
=082  14$a780$215
=100  1\$aFlotow, Friedrich von,$d1812-1883.
=240  10$aL'Âme en Peine
=300  00$pfol
=336  \\$anotated music$2rdacontent
=337  \\$aunmediated$2rdamedia
=338  \\$avolume$2rdacarrier
=490  0\$aSchubert(C.)pseud.Quadrilles from Leoline,etc.1849.
=597  \\$a087$b00$ah.392.(31.)
=CAT  \\$awr315$b40$c20070213$lBLL01$h1255
=CAT  \\$a11244$b40$c20071004$lBLL01$h0743
=CAT  \\$aBATCH$b00$c20091225$lBLL01$h0203
=CAT  \\$aWR12-140$c20121030$lBLL01$h1051
=CAT  \\$aBATCH-UPD$b00$c20121030$lBLL01$h1128
=CAT  \\$aWR15_100$c20150913$lBLL01$h1617
=FMT  \\$a  MU
=LAS  \\$aWR15_100$b00$c20150913$lBLL01$h1617
=LEO  \\$aCPMR.0000000369
=SRC  \\$aCPMR$bcpmr_bibs_fix2
=STA  \\$aSUPPRESSED$bCat. Printed Music Rejects Load

