=LDR  01164 cm a22003137  4500
=001  013671197
=003  Uk
=005  20150913161700.0
=008  930318||||||||||||\\\\\\\\\\||\|||\und|\
=082  14$a780$215
=100  1\$aHambræus, Bengt,$d1928-2000.
=300  00$p8
=336  \\$anotated music$2rdacontent
=337  \\$aunmediated$2rdamedia
=338  \\$avolume$2rdacarrier
=490  0\$aUpsala. - Regia Academia Upsaliensis. - Biblioteket.Codex carminum gallicorum. Une étude sur le volume Musique vocale du manuscrit 87 de la Bibliothèque de l'Université d'Upsala, par B. Hambræus. 1961.
=597  \\$a087$b00$aW.P.b .357/6.$mW
=CAT  \\$awr315$b40$c20070213$lBLL01$h1255
=CAT  \\$a5194$b40$c20070906$lBLL01$h1018
=CAT  \\$aBATCH-UPD$b40$c20070906$lBLL01$h1018
=CAT  \\$aBATCH$b00$c20091225$lBLL01$h0203
=CAT  \\$aWR12-140$c20121030$lBLL01$h1051
=CAT  \\$aBATCH-UPD$b00$c20121030$lBLL01$h1129
=CAT  \\$aWR15_100$c20150913$lBLL01$h1617
=FMT  \\$a  MU
=LAS  \\$aWR15_100$b00$c20150913$lBLL01$h1617
=LEO  \\$aCPMR.0000000781
=SRC  \\$aCPMR$bcpmr_bibs_fix2
=STA  \\$aSUPPRESSED$bCat. Printed Music Rejects Load

