=LDR  01183 cm a22003377  4500
=001  013671209
=003  Uk
=005  20150913161700.0
=008  930318||||||||||||\\\\\\\\\\||\|||\und|\
=082  14$a780$215
=100  1\$aHerz, Henri,$d1803-1888.
=240  10$aVariations. Op. 43
=260  00$c1828
=300  00$p4
=336  \\$anotated music$2rdacontent
=337  \\$aunmediated$2rdamedia
=338  \\$avolume$2rdacarrier
=490  0\$aHarmonicon$vvol.6,pt.2.pp.130, 131$aCarafa diColobrano(M. E. F. V. A. P.)Prince. [Masaniello. - Les Turcs, inondant nos rivages.] Theme ... arranged for the piano-forte by H. Herz
=597  \\$a087$b00$aP.P.1947.$mP
=CAT  \\$awr315$b40$c20070213$lBLL01$h1255
=CAT  \\$a11244$b40$c20070627$lBLL01$h0925
=CAT  \\$aBATCH-UPD$b40$c20070627$lBLL01$h0936
=CAT  \\$aBATCH$b00$c20091225$lBLL01$h0203
=CAT  \\$aWR12-140$c20121030$lBLL01$h1050
=CAT  \\$aBATCH-UPD$b00$c20121030$lBLL01$h1127
=CAT  \\$aWR15_100$c20150913$lBLL01$h1617
=FMT  \\$a  MU
=LAS  \\$aWR15_100$b00$c20150913$lBLL01$h1617
=LEO  \\$aCPMR.0000000988
=SRC  \\$aCPMR$bcpmr_bibs_fix2
=STA  \\$aSUPPRESSED$bCat. Printed Music Rejects Load

