=LDR  00929 cm a22002897  4500
=001  013671213
=003  Uk
=005  20150913161700.0
=008  930401||||||||||||\\\\\\\\\\||\|||\und|\
=082  14$a780$215
=100  1\$aWest, John E.$q(John Ebenezer),$d1863-1929.
=240  10$aCommunion Service in E♭
=336  \\$anotated music$2rdacontent
=337  \\$aunmediated$2rdamedia
=338  \\$avolume$2rdacarrier
=597  \\$a087$b00$aE.1433.a.$mE
=CAT  \\$awr315$b40$c20070213$lBLL01$h1255
=CAT  \\$aBATCH-UPD$b40$c20091009$lBLL01$h1413
=CAT  \\$aWR12-140$c20121030$lBLL01$h1051
=CAT  \\$aBATCH-UPD$b00$c20121030$lBLL01$h1130
=CAT  \\$aBATCH-UPD$b00$c20130127$lBLL01$h2058
=CAT  \\$aWR15_100$c20150913$lBLL01$h1617
=FMT  \\$a  MU
=LAS  \\$aWR15_100$b00$c20150913$lBLL01$h1617
=LEO  \\$aCPMR.0000001400
=SRC  \\$aCPMR$bcpmr_bibs_fix2
=STA  \\$aSUPPRESSED$bCat. Printed Music Rejects Load

