=LDR  00860 cm a22002777  4500
=001  013671215
=003  Uk
=005  20150913161700.0
=008  930316||||||||||||\\\\\\\\\\||\|||\und|\
=082  14$a780$215
=100  1\$aDykes, John Bacchus,$d1823-1876.
=240  10$aPraise to the Holiest
=336  \\$anotated music$2rdacontent
=337  \\$aunmediated$2rdamedia
=338  \\$avolume$2rdacarrier
=597  \\$a087$b00$ah.3210.j.(298.)
=CAT  \\$awr315$b40$c20070213$lBLL01$h1255
=CAT  \\$a11306$b40$c20090518$lBLL01$h0926
=CAT  \\$aWR12-140$c20121030$lBLL01$h1051
=CAT  \\$aBATCH-UPD$b00$c20130610$lBLL01$h2303
=CAT  \\$aWR15_100$c20150913$lBLL01$h1617
=FMT  \\$a  MU
=LAS  \\$aWR15_100$b00$c20150913$lBLL01$h1617
=LEO  \\$aCPMR.0000000268
=SRC  \\$aCPMR$bcpmr_bibs_fix2
=STA  \\$aSUPPRESSED$bCat. Printed Music Rejects Load

