=LDR  01125 cm a22003137  4500
=001  013671226
=003  Uk
=005  20150913161700.0
=008  930308||||||||||||\\\\\\\\\\||\|||\und|\
=082  14$a780$215
=100  1\$aBayly, Thomas Haynes,$d1797-1839.
=240  10$aShe never blamed him, never
=300  00$p4.̊
=336  \\$anotated music$2rdacontent
=337  \\$aunmediated$2rdamedia
=338  \\$avolume$2rdacarrier
=490  0\$aKiallmark (George) She never blamed him, never. [By T. H. Bayley.] Arranged with an introduction & variations by G. Kiallmark. [P. F.] [1829.] [Musical Bijou ... for mdcccxxix.]
=597  \\$a087$b00$aF.149.$mF
=CAT  \\$awr315$b40$c20070213$lBLL01$h1255
=CAT  \\$a11814$b40$c20081106$lBLL01$h1417
=CAT  \\$aBATCH$b00$c20091225$lBLL01$h0203
=CAT  \\$aBATCH-UPD$b00$c20120414$lBLL01$h1721
=CAT  \\$aWR12-140$c20121030$lBLL01$h1051
=CAT  \\$aWR15_100$c20150913$lBLL01$h1617
=FMT  \\$a  MU
=LAS  \\$aWR15_100$b00$c20150913$lBLL01$h1617
=LEO  \\$aCPMR.0000000166
=SRC  \\$aCPMR$bcpmr_bibs_fix2
=STA  \\$aSUPPRESSED$bCat. Printed Music Rejects Load

