=LDR  00952 cm a22002897  4500
=001  013671245
=003  Uk
=005  20150913164800.0
=008  930318||||||||||||\\\\\\\\\\||\|||\und|\
=082  14$a780$215
=100  10$aHaynes, Maurice Brooks.
=300  00$pfol.
=336  \\$anotated music$2rdacontent
=337  \\$aunmediated$2rdamedia
=338  \\$avolume$2rdacarrier
=490  0\$aPasquini(B.) Collected Works for Keyboard. Edited by M. B. Haynes. 1964. [Corpus of early Keyboard Music.5.]
=597  \\$a087$b00$ag.1750.
=CAT  \\$awr315$b40$c20070213$lBLL01$h1255
=CAT  \\$aBATCH$b00$c20091225$lBLL01$h0203
=CAT  \\$aWR12-140$c20121030$lBLL01$h1051
=CAT  \\$aWR15_100$c20150913$lBLL01$h1617
=CAT  \\$aBATCH-UPD$b00$c20150913$lBLL01$h1648
=FMT  \\$a  MU
=LAS  \\$aBATCH-UPD$b00$c20150913$lBLL01$h1648
=LEO  \\$aCPMR.0000000888
=SRC  \\$aCPMR$bcpmr_bibs_fix2
=STA  \\$aSUPPRESSED$bCat. Printed Music Rejects Load

