=LDR  01006ccm a22003017  4500
=001  013671264
=003  Uk
=005  20230417134200.0
=008  930317||||||||||||\\\\\\\\\\||\|||\und|\
=082  14$a780$215
=100  1\$aGaynor, Jessie L.,$d1863-1921.
=300  00$pfol
=336  \\$anotated music$2rdacontent
=337  \\$aunmediated$2rdamedia
=338  \\$avolume$2rdacarrier
=490  0\$aMartin(M. R.) Melody Pictures for little Players ... With preface and notes by J. L. Gaynor. 1900.
=597  \\$a087$b00$ah.3282.x.(56.)
=CAT  \\$awr315$b40$c20070213$lBLL01$h1255
=CAT  \\$aBATCH$b00$c20091225$lBLL01$h0203
=CAT  \\$aWR12-140$c20121030$lBLL01$h1051
=CAT  \\$aWR15_100$c20150913$lBLL01$h1617
=CAT  \\$aMFISHER$b40$c20230417$lBLL01$h1342
=CAT  \\$aBATCH-UPD$b40$c20230417$lBLL01$h1342
=FMT  \\$a  MU
=LAS  \\$aBATCH-UPD$b40$c20230417$lBLL01$h1342
=LEO  \\$aCPMR.0000000478
=SRC  \\$aCPMR$bcpmr_bibs_fix2
=STA  \\$aSUPPRESSED$bCat. Printed Music Rejects Load

