=LDR  00870 cm a22002777  4500
=001  013671276
=003  Uk
=005  20181228143600.0
=008  930317||||||||||||\\\\\\\\\\||\|||\und|\
=082  14$a780$215
=100  1\$aEdwards, Julian,$d1855-1910.
=240  10$aDolly Varden. 8 detached vocal nos
=336  \\$anotated music$2rdacontent
=337  \\$aunmediated$2rdamedia
=338  \\$avolume$2rdacarrier
=597  \\$a087$b00$aH.3484.a.(2.)$mH
=CAT  \\$awr315$b40$c20070213$lBLL01$h1255
=CAT  \\$aWR12-140$c20121030$lBLL01$h1051
=CAT  \\$aWR15_100$c20150913$lBLL01$h1617
=CAT  \\$a8870$b40$c20181228$lBLL01$h1436
=CAT  \\$aBATCH-UPD$b40$c20181228$lBLL01$h1436
=FMT  \\$a  MU
=LAS  \\$aBATCH-UPD$b40$c20181228$lBLL01$h1436
=LEO  \\$aCPMR.0000000273
=SRC  \\$aCPMR$bcpmr_bibs_fix2
=STA  \\$aSUPPRESSED$bCat. Printed Music Rejects Load

