=LDR  01003 cm a22003137  4500
=001  013671278
=003  Uk
=005  20180617210200.0
=008  930317||||||||||||\\\\\\\\\\||\|||\und|\
=082  14$a780$215
=100  1\$aGötze, Walter.
=300  00$p4
=336  \\$anotated music$2rdacontent
=337  \\$aunmediated$2rdamedia
=338  \\$avolume$2rdacarrier
=490  0\$aSor(F.) 3 Walzer ... Für 3 Gitarren von W. Götze. [1927.]
=597  \\$a087$b00$ag.660.b.(37.)
=CAT  \\$awr315$b40$c20070213$lBLL01$h1255
=CAT  \\$aBATCH$b00$c20091225$lBLL01$h0203
=CAT  \\$aWR12-140$c20121030$lBLL01$h1051
=CAT  \\$a11814$b40$c20130222$lBLL01$h1004
=CAT  \\$aWR15_100$c20150913$lBLL01$h1617
=CAT  \\$aBATCH-UPD$b00$c20150913$lBLL01$h1648
=CAT  \\$aBATCH-UPD$b00$c20180617$lBLL01$h2102
=FMT  \\$a  MU
=LAS  \\$aBATCH-UPD$b00$c20180617$lBLL01$h2102
=LEO  \\$aCPMR.0000000582
=SRC  \\$aCPMR$bcpmr_bibs_fix2
=STA  \\$aSUPPRESSED$bCat. Printed Music Rejects Load

