=LDR  01227 cm a22003257  4500
=001  013671282
=003  Uk
=005  20150913161700.0
=008  930318||||||||||||\\\\\\\\\\||\|||\und|\
=082  14$a780$215
=100  1\$aHerz, Henri,$d1803-1888.
=260  00$c[1844]
=300  00$a17p$pfol
=336  \\$anotated music$2rdacontent
=337  \\$aunmediated$2rdamedia
=338  \\$avolume$2rdacarrier
=490  0\$aIntroduction et variations brillantes, pour le piano forte, sur le [sic] chansonette favorite de l'Enfant du régiment, composées par H. Herz [or rather, an arrangement of the work composed for violin and P. F. by H. Herz and C. P. Lafont]. Op. 24
=597  \\$a087$b00$ah.465.(19.)
=CAT  \\$awr315$b40$c20070213$lBLL01$h1255
=CAT  \\$a11244$b40$c20070627$lBLL01$h0925
=CAT  \\$aBATCH-UPD$b40$c20070627$lBLL01$h0936
=CAT  \\$aBATCH$b00$c20091225$lBLL01$h0203
=CAT  \\$aWR12-140$c20121030$lBLL01$h1050
=CAT  \\$aBATCH-UPD$b00$c20121030$lBLL01$h1127
=CAT  \\$aWR15_100$c20150913$lBLL01$h1617
=FMT  \\$a  MU
=LAS  \\$aWR15_100$b00$c20150913$lBLL01$h1617
=LEO  \\$aCPMR.0000000994
=SRC  \\$aCPMR$bcpmr_bibs_fix2
=STA  \\$aSUPPRESSED$bCat. Printed Music Rejects Load

