=LDR  01063 cm a22003257  4500
=001  013671283
=003  Uk
=005  20150913161700.0
=008  930322||||||||||||\\\\\\\\\\||\|||\und|\
=082  14$a780$215
=100  1\$aLecocq, Charles,$d1832-1918.
=240  10$aLa Petite Mademoiselle. Ne faisons pas de bruit and Comment! tout seul?
=260  00$c[1899]
=300  00$p4
=336  \\$anotated music$2rdacontent
=337  \\$aunmediated$2rdamedia
=338  \\$avolume$2rdacarrier
=490  0\$aChoral. Choral Gems. Secular, etc. No. 9, 13. [1898-99.]
=597  \\$a087$b00$aF.451.$mF
=CAT  \\$awr315$b40$c20070213$lBLL01$h1255
=CAT  \\$aBATCH$b00$c20091225$lBLL01$h0203
=CAT  \\$a11814$b40$c20120321$lBLL01$h1734
=CAT  \\$aBATCH-UPD$b40$c20120321$lBLL01$h1735
=CAT  \\$aWR12-140$c20121030$lBLL01$h1050
=CAT  \\$aWR15_100$c20150913$lBLL01$h1617
=FMT  \\$a  MU
=LAS  \\$aWR15_100$b00$c20150913$lBLL01$h1617
=LEO  \\$aCPMR.0000001097
=SRC  \\$aCPMR$bcpmr_bibs_fix2
=STA  \\$aSUPPRESSED$bCat. Printed Music Rejects Load

