=LDR  00901ccm a22002777  4500
=001  013671295
=003  Uk
=005  20230616211300.0
=008  930329||||||||||||\\\\\\\\\\||\|||\und|\
=082  14$a780$215
=100  1\$aSauret, Émile,$d1852-1920.
=240  10$aMorceaux caractéristiques pour Violon et Piano. Op. 47. No. 1
=336  \\$anotated music$2rdacontent
=337  \\$aunmediated$2rdamedia
=338  \\$avolume$2rdacarrier
=597  \\$a087$b00$ag.505.r.(37.)
=CAT  \\$awr315$b40$c20070213$lBLL01$h1255
=CAT  \\$aWR12-140$c20121030$lBLL01$h1051
=CAT  \\$aWR15_100$c20150913$lBLL01$h1617
=CAT  \\$aBATCH-UPD$b00$c20150913$lBLL01$h1648
=CAT  \\$aBATCH-UPD$b00$c20230616$lBLL01$h2113
=FMT  \\$a  MU
=LAS  \\$aBATCH-UPD$b00$c20230616$lBLL01$h2113
=LEO  \\$aCPMR.0000001304
=SRC  \\$aCPMR$bcpmr_bibs_fix2
=STA  \\$aSUPPRESSED$bCat. Printed Music Rejects Load

