=LDR  01044ccm a22003257  4500
=001  013671296
=003  Uk
=005  20220624205700.0
=008  930308||||||||||||\\\\\\\\\\||\|||\und|\
=082  14$a780$215
=100  1\$aDall'Argine, Costantino,$d1842-1877.
=240  10$aSperanza
=300  00$pfol
=336  \\$anotated music$2rdacontent
=337  \\$aunmediated$2rdamedia
=338  \\$avolume$2rdacarrier
=490  0\$aDeransart (É.) Speranza ... Polka pour piano. [1886.]
=597  \\$a087$b00$ah.3281.e.(25.)
=CAT  \\$awr315$b40$c20070213$lBLL01$h1255
=CAT  \\$a9572$b40$c20080617$lBLL01$h1659
=CAT  \\$aBATCH$b00$c20091225$lBLL01$h0203
=CAT  \\$aWR12-140$c20121030$lBLL01$h1051
=CAT  \\$aWR15_100$c20150913$lBLL01$h1617
=CAT  \\$aBATCH-UPD$b00$c20150913$lBLL01$h1648
=CAT  \\$aBATCH-UPD$b00$c20220624$lBLL01$h2057
=FMT  \\$a  MU
=LAS  \\$aBATCH-UPD$b00$c20220624$lBLL01$h2057
=LEO  \\$aCPMR.0000000069
=SRC  \\$aCPMR$bcpmr_bibs_fix2
=STA  \\$aSUPPRESSED$bCat. Printed Music Rejects Load

