=LDR  00927 cm a22002897  4500
=001  013671305
=003  Uk
=005  20150913161700.0
=008  930322||||||||||||\\\\\\\\\\||\|||\und|\
=082  14$a780$215
=100  1\$aLeveridge, Richard,$d1670 or 1671-1758.
=240  10$aCaligula. - Tho' over all Mankind
=336  \\$anotated music$2rdacontent
=337  \\$aunmediated$2rdamedia
=338  \\$avolume$2rdacarrier
=597  \\$a087$b00$aG.315.(50.)$mG
=985  \\$aRecord amended for WR# 13/070
=CAT  \\$awr315$b40$c20070213$lBLL01$h1255
=CAT  \\$aWR12-140$c20121030$lBLL01$h1051
=CAT  \\$aWR13_070$b00$c20130504$lBLL01$h0250
=CAT  \\$aBATCH-UPD$b00$c20130506$lBLL01$h0440
=CAT  \\$aWR15_100$c20150913$lBLL01$h1617
=FMT  \\$a  MU
=LAS  \\$aWR15_100$b00$c20150913$lBLL01$h1617
=LEO  \\$aCPMR.0000001099
=SRC  \\$aCPMR$bcpmr_bibs_fix2
=STA  \\$aSUPPRESSED$bCat. Printed Music Rejects Load

