=LDR  01011 cm a22002897  4500
=001  013671306
=003  Uk
=005  20161013203200.0
=008  930323||||||||||||\\\\\\\\\\||\|||\und|\
=082  14$a780$215
=100  1\$aNessler, Victor E.$q(Victor Ernst),$d1841-1890.
=240  10$aDer Rattenfänger von Hameln. Der Rattenfänger von Hameln. 15 detached numbers with English words
=336  \\$anotated music$2rdacontent
=337  \\$aunmediated$2rdamedia
=338  \\$avolume$2rdacarrier
=597  \\$a087$b00$aH.1788.aa.(40.)$mH
=CAT  \\$awr315$b40$c20070213$lBLL01$h1255
=CAT  \\$a11244$b40$c20070312$lBLL01$h1305
=CAT  \\$aWR12-140$c20121030$lBLL01$h1051
=CAT  \\$aWR15_100$c20150913$lBLL01$h1617
=CAT  \\$aBATCH-UPD$b00$c20150913$lBLL01$h1648
=CAT  \\$aBATCH-UPD$b00$c20161013$lBLL01$h2032
=FMT  \\$a  MU
=LAS  \\$aBATCH-UPD$b00$c20161013$lBLL01$h2032
=LEO  \\$aCPMR.0000001202
=SRC  \\$aCPMR$bcpmr_bibs_fix2
=STA  \\$aSUPPRESSED$bCat. Printed Music Rejects Load

