=LDR  01032 cm a22003137  4500
=001  013671328
=003  Uk
=005  20150913161700.0
=008  930318||||||||||||\\\\\\\\\\||\|||\und|\
=082  14$a780$215
=100  1\$aHanmer, Ronald.
=300  00$pobl. 8
=336  \\$anotated music$2rdacontent
=337  \\$aunmediated$2rdamedia
=338  \\$avolume$2rdacarrier
=490  0\$aJoplin(Scott) The Entertainer. Ragtime two-step ... Arr. R. Hanmer. [Brass band.] [1974.]
=597  \\$a087$b00$ae.340.(12.)
=CAT  \\$awr315$b40$c20070213$lBLL01$h1255
=CAT  \\$a12179$b40$c20080306$lBLL01$h1005
=CAT  \\$aBATCH-UPD$b40$c20080306$lBLL01$h1007
=CAT  \\$aBATCH$b00$c20091225$lBLL01$h0203
=CAT  \\$aWR12-140$c20121030$lBLL01$h1051
=CAT  \\$aBATCH-UPD$b00$c20121030$lBLL01$h1129
=CAT  \\$aWR15_100$c20150913$lBLL01$h1617
=FMT  \\$a  MU
=LAS  \\$aWR15_100$b00$c20150913$lBLL01$h1617
=LEO  \\$aCPMR.0000000792
=SRC  \\$aCPMR$bcpmr_bibs_fix2
=STA  \\$aSUPPRESSED$bCat. Printed Music Rejects Load

