=LDR  01051 cm a22003137  4500
=001  013671335
=003  Uk
=005  20180120175400.0
=008  930317||||||||||||\\\\\\\\\\||\|||\und|\
=082  14$a780$215
=100  1\$aFoss, Hubert J.$q(Hubert James),$d1899-1953.
=300  00$p8
=336  \\$anotated music$2rdacontent
=337  \\$aunmediated$2rdamedia
=338  \\$avolume$2rdacarrier
=490  0\$aStéphan(E. M.) A Book of French Songs ... Arranged ... by H. J. Foss. 1939.
=597  \\$a087$b00$aF.1771.f.(28.)$mF
=CAT  \\$awr315$b40$c20070213$lBLL01$h1255
=CAT  \\$aBATCH$b00$c20091225$lBLL01$h0203
=CAT  \\$a12179$b40$c20120618$lBLL01$h1136
=CAT  \\$aWR12-140$c20121030$lBLL01$h1051
=CAT  \\$aWR15_100$c20150913$lBLL01$h1617
=CAT  \\$aBATCH-UPD$b00$c20150913$lBLL01$h1648
=CAT  \\$aBATCH-UPD$b00$c20180120$lBLL01$h1754
=FMT  \\$a  MU
=LAS  \\$aBATCH-UPD$b00$c20180120$lBLL01$h1754
=LEO  \\$aCPMR.0000000381
=SRC  \\$aCPMR$bcpmr_bibs_fix2
=STA  \\$aSUPPRESSED$bCat. Printed Music Rejects Load

