=LDR  01034 cm a22003017  4500
=001  013671359
=003  Uk
=005  20150913161700.0
=008  930317||||||||||||\\\\\\\\\\||\|||\und|\
=082  14$a780$215
=100  1\$aGoldschmidt, Otto,$d1829-1907.
=300  00$p4
=336  \\$anotated music$2rdacontent
=337  \\$aunmediated$2rdamedia
=338  \\$avolume$2rdacarrier
=490  0\$aBennett(SirW. S.) and Goldschmidt(O.) The Chorale Book for England ... Compiled and edited by W. L. Bennett and O. Goldschmidt. 1863-65.
=597  \\$a087$b00$aD.600.$mD
=CAT  \\$awr315$b40$c20070213$lBLL01$h1255
=CAT  \\$aBATCH$b00$c20091225$lBLL01$h0203
=CAT  \\$a11814$b40$c20110527$lBLL01$h1217
=CAT  \\$aBATCH-UPD$b40$c20110527$lBLL01$h1218
=CAT  \\$aWR12-140$c20121030$lBLL01$h1051
=CAT  \\$aWR15_100$c20150913$lBLL01$h1617
=FMT  \\$a  MU
=LAS  \\$aWR15_100$b00$c20150913$lBLL01$h1617
=LEO  \\$aCPMR.0000000589
=SRC  \\$aCPMR$bcpmr_bibs_fix2
=STA  \\$aSUPPRESSED$bCat. Printed Music Rejects Load

