=LDR  01013ccm a22003017  4500
=001  013671398
=003  Uk
=005  20230809132900.0
=008  930318||||||||||||\\\\\\\\\\||\|||\und|\
=082  14$a780$215
=100  1\$aHare, Edwin C. F.$q(Edwin Charles Frederick),$dapproximately 1836-1889.
=300  00$p8
=336  \\$anotated music$2rdacontent
=337  \\$aunmediated$2rdamedia
=338  \\$avolume$2rdacarrier
=490  0\$aAuber(D. F. E.) [Le Serment.] Overture, arranged by E. Hare. [1879.]
=597  \\$a087$b00$af.401.l.(4.)
=CAT  \\$awr315$b40$c20070213$lBLL01$h1255
=CAT  \\$aBATCH$b00$c20091225$lBLL01$h0203
=CAT  \\$aWR12-140$c20121030$lBLL01$h1051
=CAT  \\$aWR15_100$c20150913$lBLL01$h1617
=CAT  \\$aMFISHER$b40$c20230809$lBLL01$h1328
=CAT  \\$aBATCH-UPD$b40$c20230809$lBLL01$h1329
=FMT  \\$a  MU
=LAS  \\$aBATCH-UPD$b40$c20230809$lBLL01$h1329
=LEO  \\$aCPMR.0000000798
=SRC  \\$aCPMR$bcpmr_bibs_fix2
=STA  \\$aSUPPRESSED$bCat. Printed Music Rejects Load

