=LDR  00973 cm a22003017  4500
=001  013671424
=003  Uk
=005  20150913161700.0
=008  930402||||||||||||\\\\\\\\\\||\|||\und|\
=082  14$a780$215
=100  1\$aWilliams, Malcolm.
=240  10$aKiss me good-night, dear Love
=300  00$pfol
=336  \\$anotated music$2rdacontent
=337  \\$aunmediated$2rdamedia
=338  \\$avolume$2rdacarrier
=490  0\$aPether (H. E.) Merely Mary Ann. Waltz founded on M. Williams' ... Song, etc. 1904.
=597  \\$a087$b00$ah.3286.ee.(55.)
=CAT  \\$awr315$b40$c20070213$lBLL01$h1255
=CAT  \\$aBATCH$b00$c20091225$lBLL01$h0203
=CAT  \\$aBATCH-UPD$b00$c20111010$lBLL01$h1138
=CAT  \\$aWR12-140$c20121030$lBLL01$h1051
=CAT  \\$aWR15_100$c20150913$lBLL01$h1617
=FMT  \\$a  MU
=LAS  \\$aWR15_100$b00$c20150913$lBLL01$h1617
=LEO  \\$aCPMR.0000001418
=SRC  \\$aCPMR$bcpmr_bibs_fix2
=STA  \\$aSUPPRESSED$bCat. Printed Music Rejects Load

