=LDR  01040 cm a22003137  4500
=001  013671427
=003  Uk
=005  20150913161700.0
=008  930317||||||||||||\\\\\\\\\\||\|||\und|\
=082  14$a780$215
=100  1\$aFox, Dan,$d1931-
=300  00$pfol
=336  \\$anotated music$2rdacontent
=337  \\$aunmediated$2rdamedia
=338  \\$avolume$2rdacarrier
=490  0\$aOkun(Milton) The New York Times Great Songs of the 70s,etc.<Associate music editor D. Fox.> [1978.]
=597  \\$a087$b00$aG.383.vv.$mG
=CAT  \\$awr315$b40$c20070213$lBLL01$h1255
=CAT  \\$a5100$b40$c20080226$lBLL01$h1228
=CAT  \\$aBATCH-UPD$b40$c20080322$lBLL01$h1833
=CAT  \\$aBATCH$b00$c20091225$lBLL01$h0203
=CAT  \\$aBATCH-UPD$b00$c20100902$lBLL01$h2136
=CAT  \\$aWR12-140$c20121030$lBLL01$h1051
=CAT  \\$aWR15_100$c20150913$lBLL01$h1617
=FMT  \\$a  MU
=LAS  \\$aWR15_100$b00$c20150913$lBLL01$h1617
=LEO  \\$aCPMR.0000000389
=SRC  \\$aCPMR$bcpmr_bibs_fix2
=STA  \\$aSUPPRESSED$bCat. Printed Music Rejects Load

