=LDR  00988 cm a22003017  4500
=001  013671440
=003  Uk
=005  20170528212100.0
=008  930318||||||||||||\\\\\\\\\\||\|||\und|\
=082  14$a780$215
=100  1\$aGrusnick, Bruno.
=300  00$p8
=336  \\$anotated music$2rdacontent
=337  \\$aunmediated$2rdamedia
=338  \\$avolume$2rdacarrier
=490  0\$aBuxtehude(D.) Fürwahr, er trug unsere Krankheit ... Herausgegeben von B. Grusnick. [1937.]
=597  \\$a087$b00$aF.1195.i.(7.)$mF
=CAT  \\$awr315$b40$c20070213$lBLL01$h1255
=CAT  \\$aBATCH$b00$c20091225$lBLL01$h0203
=CAT  \\$aWR12-140$c20121030$lBLL01$h1051
=CAT  \\$aWR15_100$c20150913$lBLL01$h1617
=CAT  \\$aBATCH-UPD$b00$c20150913$lBLL01$h1648
=CAT  \\$aBATCH-UPD$b00$c20170528$lBLL01$h2121
=FMT  \\$a  MU
=LAS  \\$aBATCH-UPD$b00$c20170528$lBLL01$h2121
=LEO  \\$aCPMR.0000000699
=SRC  \\$aCPMR$bcpmr_bibs_fix2
=STA  \\$aSUPPRESSED$bCat. Printed Music Rejects Load

