=LDR  01259 cm a22003497  4500
=001  013671450
=003  Uk
=005  20210506151051.0
=008  930317||||||||||||\\\\\\\\\\||\|||\tam|\
=041  1\$atam$heng
=082  14$a780$215
=100  10$aFabricius, Johann Philipp,$d1711-1791.
=240  10$aHymnologia Germano-Tamulica
=300  00$p8
=336  \\$anotated music$2rdacontent
=337  \\$aunmediated$2rdamedia
=338  \\$avolume$2rdacarrier
=490  0\$aHymns. [Tamil.] Lyra Tamulica, being a selection of Tamil hymns chiefly taken from Fabricius' Hymn Book,etc. 1872.
=597  \\$a087$b00$aB.1173.ll.$mB
=883  0\$aLanguage codes assigned by Bayesian analysis of words present in record$d20210115$qUk$c0.9450
=CAT  \\$awr315$b40$c20070213$lBLL01$h1255
=CAT  \\$aBATCH$b00$c20091225$lBLL01$h0203
=CAT  \\$a11306$b40$c20120223$lBLL01$h0730
=CAT  \\$aWR12-140$c20121030$lBLL01$h1051
=CAT  \\$aWR15_100$c20150913$lBLL01$h1617
=CAT  \\$aBATCH-UPD$b00$c20150913$lBLL01$h1648
=CAT  \\$aW2102-0046$b00$c20210506$lBLL01$h1510
=FMT  \\$a  MU
=LAS  \\$aW2102-0046$b00$c20210506$lBLL01$h1510
=LEO  \\$aCPMR.0000000288
=SRC  \\$aCPMR$bcpmr_bibs_fix2
=STA  \\$aSUPPRESSED$bCat. Printed Music Rejects Load

