=LDR  00917ccm a22002897  4500
=001  013671453
=003  Uk
=005  20220407201900.0
=008  930317||||||||||||\\\\\\\\\\||\|||\und|\
=082  14$a780$215
=100  1\$aGoossens, Albert.
=300  00$p8
=336  \\$anotated music$2rdacontent
=337  \\$aunmediated$2rdamedia
=338  \\$avolume$2rdacarrier
=490  0\$aManns(F. O.) Barcarolle ... Arr. [for orchestra] by A. Goossens,etc. 1924.
=597  \\$a087$b00$aG.727.e.(5.)$mG
=CAT  \\$awr315$b40$c20070213$lBLL01$h1255
=CAT  \\$aBATCH$b00$c20091225$lBLL01$h0203
=CAT  \\$aWR12-140$c20121030$lBLL01$h1051
=CAT  \\$aWR15_100$c20150913$lBLL01$h1617
=CAT  \\$aBATCH-UPD$b00$c20220407$lBLL01$h2019
=FMT  \\$a  MU
=LAS  \\$aBATCH-UPD$b00$c20220407$lBLL01$h2019
=LEO  \\$aCPMR.0000000597
=SRC  \\$aCPMR$bcpmr_bibs_fix2
=STA  \\$aSUPPRESSED$bCat. Printed Music Rejects Load

