=LDR  01221 cm a22003737  4500
=001  013671458
=003  Uk
=005  20180626074300.0
=008  930322||||||||||||\\\\\\\\\\||\|||\und|\
=082  14$a780$215
=100  1\$aLoeschhorn, Carl Albert,$d1819-1905.
=240  10$aFeuillets d'Album. No. 12
=260  00$c[1895]
=300  00$pobl. fol
=336  \\$anotated music$2rdacontent
=337  \\$aunmediated$2rdamedia
=338  \\$avolume$2rdacarrier
=490  0\$aMorceaux. Morceaux favoris, etc. No. 58. [1886, etc.]
=597  \\$a087$b00$ae.379.c.
=CAT  \\$awr315$b40$c20070213$lBLL01$h1255
=CAT  \\$a11244$b40$c20070305$lBLL01$h0856
=CAT  \\$aBATCH-UPD$b40$c20090120$lBLL01$h0107
=CAT  \\$aBATCH$b00$c20091225$lBLL01$h0203
=CAT  \\$aWR12-140$c20121030$lBLL01$h1050
=CAT  \\$aBATCH-UPD$b00$c20121030$lBLL01$h1126
=CAT  \\$aWR15_100$c20150913$lBLL01$h1617
=CAT  \\$a5100$b40$c20180626$lBLL01$h0740
=CAT  \\$a5100$b40$c20180626$lBLL01$h0742
=CAT  \\$a5100$b40$c20180626$lBLL01$h0743
=FMT  \\$a  MU
=LAS  \\$a5100$b40$c20180626$lBLL01$h0743
=LEO  \\$aCPMR.0000001112
=SRC  \\$aCPMR$bcpmr_bibs_fix2
=STA  \\$aSUPPRESSED$bCat. Printed Music Rejects Load

