=LDR  01020 cm a22003017  4500
=001  013671463
=003  Uk
=005  20150925204800.0
=008  930317||||||||||||\\\\\\\\\\||\|||\und|\
=082  14$a780$215
=100  1\$aFagge, Arthur.
=300  00$p8.̊
=336  \\$anotated music$2rdacontent
=337  \\$aunmediated$2rdamedia
=338  \\$avolume$2rdacarrier
=490  0\$aChaikovsky(P. I.) [16 Chansons. Op. 54. No. 5.] Legend ... arranged ... by A. Fagge. 1915. [Boosey's Choral Miscellany. no. 59.]
=597  \\$a087$b00$aF.160.e.$mF
=CAT  \\$awr315$b40$c20070213$lBLL01$h1255
=CAT  \\$aBATCH$b00$c20091225$lBLL01$h0203
=CAT  \\$aWR12-140$c20121030$lBLL01$h1051
=CAT  \\$aWR15_100$c20150913$lBLL01$h1617
=CAT  \\$aBATCH-UPD$b00$c20150913$lBLL01$h1648
=CAT  \\$aBATCH-UPD$b00$c20150925$lBLL01$h2048
=FMT  \\$a  MU
=LAS  \\$aBATCH-UPD$b00$c20150925$lBLL01$h2048
=LEO  \\$aCPMR.0000000289
=SRC  \\$aCPMR$bcpmr_bibs_fix2
=STA  \\$aSUPPRESSED$bCat. Printed Music Rejects Load

