=LDR  01059 cm a22003137  4500
=001  013671491
=003  Uk
=005  20150913161700.0
=008  930318||||||||||||\\\\\\\\\\||\|||\und|\
=082  14$a780$215
=100  1\$aGuest, John$c(Composer)
=300  00$pfol
=336  \\$anotated music$2rdacontent
=337  \\$aunmediated$2rdamedia
=338  \\$avolume$2rdacarrier
=490  0\$aHimmel(F. H.) [Alexis und Ida. Op. 43. No. 40. Die Sendung.] Far away! ... adapted ... by J. Guest. [1880.]
=597  \\$a087$b00$aH.2557.(32.)$mH
=CAT  \\$awr315$b40$c20070213$lBLL01$h1255
=CAT  \\$aBATCH$b00$c20091225$lBLL01$h0203
=CAT  \\$a12179$b40$c20100702$lBLL01$h1503
=CAT  \\$aBATCH-UPD$b40$c20100702$lBLL01$h1503
=CAT  \\$aWR12-140$c20121030$lBLL01$h1051
=CAT  \\$aBATCH-UPD$b00$c20130328$lBLL01$h2242
=CAT  \\$aWR15_100$c20150913$lBLL01$h1617
=FMT  \\$a  MU
=LAS  \\$aWR15_100$b00$c20150913$lBLL01$h1617
=LEO  \\$aCPMR.0000000703
=SRC  \\$aCPMR$bcpmr_bibs_fix2
=STA  \\$aSUPPRESSED$bCat. Printed Music Rejects Load

