=LDR  01102 cm a22003137  4500
=001  013671493
=003  Uk
=005  20150913161700.0
=008  930318||||||||||||\\\\\\\\\\||\|||\und|\
=082  14$a780$215
=100  1\$aHiller, Johann Adam,$d1728-1804.
=240  10$aDer Aerndtekranz. Gehe, guter Peter
=300  00$p8.̊
=336  \\$anotated music$2rdacontent
=337  \\$aunmediated$2rdamedia
=338  \\$avolume$2rdacarrier
=490  0\$aReger(M.) Variationen und Fugue für Orchester, über ein lustiges Thema von J. A. Hiller,etc.[1924.] [Eulenburgs kleine Partitur-Ausgabe. Verschiedene Werke. No. 835.]
=597  \\$a046$b00$ac
=597  \\$a087$b00$ab.208.c.
=CAT  \\$awr315$b40$c20070213$lBLL01$h1255
=CAT  \\$aBATCH$b00$c20091225$lBLL01$h0203
=CAT  \\$aWR12-140$c20121030$lBLL01$h1051
=CAT  \\$aBATCH-UPD$b00$c20141001$lBLL01$h2039
=CAT  \\$aWR15_100$c20150913$lBLL01$h1617
=FMT  \\$a  MU
=LAS  \\$aWR15_100$b00$c20150913$lBLL01$h1617
=LEO  \\$aCPMR.0000001012
=SRC  \\$aCPMR$bcpmr_bibs_fix2
=STA  \\$aSUPPRESSED$bCat. Printed Music Rejects Load

