=LDR  00929 cm a22002897  4500
=001  013671505
=003  Uk
=005  20160327203700.0
=008  930318||||||||||||\\\\\\\\\\||\|||\und|\
=082  14$a780$215
=100  1\$aHeckenlively, Lura F.
=300  00$p8
=336  \\$anotated music$2rdacontent
=337  \\$aunmediated$2rdamedia
=338  \\$avolume$2rdacarrier
=490  0\$aFarrant(R.) Call to Remembrance, O Lord ... Arranged by L. F. Heckenlively. 1936.
=597  \\$a087$b00$aE.335.h.(39.)$mE
=CAT  \\$awr315$b40$c20070213$lBLL01$h1255
=CAT  \\$aBATCH$b00$c20091225$lBLL01$h0203
=CAT  \\$aWR12-140$c20121030$lBLL01$h1051
=CAT  \\$aWR15_100$c20150913$lBLL01$h1617
=CAT  \\$aBATCH-UPD$b00$c20160327$lBLL01$h2037
=FMT  \\$a  MU
=LAS  \\$aBATCH-UPD$b00$c20160327$lBLL01$h2037
=LEO  \\$aCPMR.0000000910
=SRC  \\$aCPMR$bcpmr_bibs_fix2
=STA  \\$aSUPPRESSED$bCat. Printed Music Rejects Load

