=LDR  01009 cm a22003137  4500
=001  013671518
=003  Uk
=005  20150913164800.0
=008  930318||||||||||||\\\\\\\\\\||\|||\und|\
=082  14$a780$215
=100  10$aHarris, George F.$q(George Frederick),$d1796-1867.
=260  00$c[1829]
=300  00$pfol
=336  \\$anotated music$2rdacontent
=337  \\$aunmediated$2rdamedia
=338  \\$avolume$2rdacarrier
=490  0\$aPaer(F.) [I Fuorusciti.] Overture ... arranged by G. F. Harris
=597  \\$a087$b00$ah.112.(6-7.)
=CAT  \\$awr315$b40$c20070213$lBLL01$h1255
=CAT  \\$aBATCH$b00$c20091225$lBLL01$h0203
=CAT  \\$a11814$b40$c20120730$lBLL01$h1431
=CAT  \\$aWR12-140$c20121030$lBLL01$h1050
=CAT  \\$aWR15_100$c20150913$lBLL01$h1617
=CAT  \\$aBATCH-UPD$b00$c20150913$lBLL01$h1648
=FMT  \\$a  MU
=LAS  \\$aBATCH-UPD$b00$c20150913$lBLL01$h1648
=LEO  \\$aCPMR.0000000808
=SRC  \\$aCPMR$bcpmr_bibs_fix2
=STA  \\$aSUPPRESSED$bCat. Printed Music Rejects Load

