=LDR  01083 cm a22003137  4500
=001  013671530
=003  Uk
=005  20150913161700.0
=008  930317||||||||||||\\\\\\\\\\||\|||\und|\
=082  14$a780$215
=100  1\$aGossec, François Joseph,$d1734-1829.
=240  10$aLe Camp de Grand-Pré. Vous aimables fillettes
=300  00$p8
=336  \\$anotated music$2rdacontent
=337  \\$aunmediated$2rdamedia
=338  \\$avolume$2rdacarrier
=490  0\$aFavoris. Favoris de la gloire et de la liberté ... Air: Si vous aimez la Danse [by F. J. Gossec]. [1794?]
=597  \\$a087$b00$aB.362.a.(44.)$mB
=CAT  \\$awr315$b40$c20070213$lBLL01$h1255
=CAT  \\$aBATCH$b00$c20091225$lBLL01$h0203
=CAT  \\$a7416$b40$c20120123$lBLL01$h1619
=CAT  \\$aBATCH-UPD$b40$c20120123$lBLL01$h1619
=CAT  \\$aWR12-140$c20121030$lBLL01$h1051
=CAT  \\$aWR15_100$c20150913$lBLL01$h1617
=FMT  \\$a  MU
=LAS  \\$aWR15_100$b00$c20150913$lBLL01$h1617
=LEO  \\$aCPMR.0000000603
=SRC  \\$aCPMR$bcpmr_bibs_fix2
=STA  \\$aSUPPRESSED$bCat. Printed Music Rejects Load

