=LDR  01060 cm a22003017  4500
=001  013671533
=003  Uk
=005  20210506151051.0
=008  930318||||||||||||\\\\\\\\\\||\|||\eng|\
=082  14$a780$215
=100  0\$aHedges, Norman
=300  00$p4
=336  \\$anotated music$2rdacontent
=337  \\$aunmediated$2rdamedia
=338  \\$avolume$2rdacarrier
=490  0\$aSongs. New and original favorite Songs of famous Hill Billies,etc. [Music by N. Hedges and others.] 1934.
=597  \\$a087$b00$aG.1275.nn.(58.)$mG
=883  0\$aLanguage codes assigned by Bayesian analysis of words present in record$d20210115$qUk$c0.9450
=CAT  \\$awr315$b40$c20070213$lBLL01$h1255
=CAT  \\$aBATCH$b00$c20091225$lBLL01$h0203
=CAT  \\$aWR12-140$c20121030$lBLL01$h1051
=CAT  \\$aWR15_100$c20150913$lBLL01$h1617
=CAT  \\$aW2102-0046$b00$c20210506$lBLL01$h1510
=FMT  \\$a  MU
=LAS  \\$aW2102-0046$b00$c20210506$lBLL01$h1510
=LEO  \\$aCPMR.0000000912
=SRC  \\$aCPMR$bcpmr_bibs_fix2
=STA  \\$aSUPPRESSED$bCat. Printed Music Rejects Load

