=LDR  00987 cm a22002897  4500
=001  013671534
=003  Uk
=005  20150913161700.0
=008  930318||||||||||||\\\\\\\\\\||\|||\und|\
=082  14$a780$215
=100  1\$aHiller, Johann Adam,$d1728-1804.
=300  00$pobl. fol
=336  \\$anotated music$2rdacontent
=337  \\$aunmediated$2rdamedia
=338  \\$avolume$2rdacarrier
=490  0\$aHaendel(G. F.) [Utrecht Te Deum.] Georg Friedrich Händels Te Deum laudamus ... herausgegeben von J. A. Hiller. [1780.]
=597  \\$a087$b00$aHirsch iv .787.$mH
=CAT  \\$awr315$b40$c20070213$lBLL01$h1255
=CAT  \\$aBATCH$b00$c20091225$lBLL01$h0203
=CAT  \\$aWR12-140$c20121030$lBLL01$h1051
=CAT  \\$aBATCH-UPD$b00$c20141001$lBLL01$h2039
=CAT  \\$aWR15_100$c20150913$lBLL01$h1617
=FMT  \\$a  MU
=LAS  \\$aWR15_100$b00$c20150913$lBLL01$h1617
=LEO  \\$aCPMR.0000001015
=SRC  \\$aCPMR$bcpmr_bibs_fix2
=STA  \\$aSUPPRESSED$bCat. Printed Music Rejects Load

