=LDR  00826 cm a22002657  4500
=001  013671535
=003  Uk
=005  20150913161700.0
=008  930325||||||||||||\\\\\\\\\\||\|||\und|\
=082  14$a780$215
=100  1\$aPaisiello, Giovanni,$d1740-1816.
=240  10$aProserpine. Proserpine. Vocal score
=336  \\$anotated music$2rdacontent
=337  \\$aunmediated$2rdamedia
=338  \\$avolume$2rdacarrier
=597  \\$a087$b00$aH.346.n.(17.)$mH
=CAT  \\$awr315$b40$c20070213$lBLL01$h1255
=CAT  \\$aBATCH-UPD$b40$c20110611$lBLL01$h1728
=CAT  \\$aWR12-140$c20121030$lBLL01$h1051
=CAT  \\$aWR15_100$c20150913$lBLL01$h1617
=FMT  \\$a  MU
=LAS  \\$aWR15_100$b00$c20150913$lBLL01$h1617
=LEO  \\$aCPMR.0000001221
=SRC  \\$aCPMR$bcpmr_bibs_fix2
=STA  \\$aSUPPRESSED$bCat. Printed Music Rejects Load

