=LDR  01032 cm a22003253  4500
=001  015078576
=003  Uk
=005  20150918234700.0
=008  071119suuuu\\\\|||||||\\\\\\\\||\||und\\
=019  m\$aM08681103
=040  \\$aUk$beng$cUk
=082  14$a780$215
=100  1\$aJoplin, Scott,$d1868-1917.
=240  10$aRags, Piano, Selections
=260  \\$a[S.l.] :$b[s.n.],$c[n.d.]
=336  \\$anotated music$2rdacontent
=337  \\$aunmediated$2rdamedia
=338  \\$avolume$2rdacarrier
=773  0\$aAgay, Denes, ed.$tJoy of ragtime.$dYorktown.
=985  \\$aSuppressed pending linking by Retroconversion Team
=CAT  \\$aBATCH-UCMA$b00$c20090327$lBLL01$h1942
=CAT  \\$aBATCH$b00$c20090403$lBLL01$h1430
=CAT  \\$a7416$b40$c20120221$lBLL01$h1504
=CAT  \\$aWR12-140$c20121031$lBLL01$h1331
=CAT  \\$a8870$b40$c20140403$lBLL01$h1608
=CAT  \\$aWR15_100$c20150918$lBLL01$h2347
=FMT  \\$a  MU
=LAS  \\$aWR15_100$b00$c20150918$lBLL01$h2347
=SRC  \\$aDSC Music (UCM)$b20090327
=STA  \\$aSUPPRESSED$bUCM

=LDR  00527 am a22001933a 4500
=001  016563309
=003  Uk
=005  20131209114156.0
=008  131126s2013\\\\rm\\\\\\\\\\\\000\0\rum\\
=035  \\$a(ROBuDRX)rm17637
=336  \\$atext$2rdacontent
=337  \\$aunmediated$2rdamedia
=338  \\$avolume$2rdacarrier
=852  41$aBritish Library$bHMNTS
=CAT  \\$aBATCH-DRX$b00$c20131209$lBLL01$h1141
=CAT  \\$aBATCH$b00$c20131209$lBLL01$h1143
=FMT  \\$a  BK
=LAS  \\$aBATCH$b00$c20131209$lBLL01$h1143
=SRC  \\$aDEREX - Supplier

