=LDR  01888 am a22004211u 4500
=001  016567311
=003  Uk
=005  20200626182922.0
=008  091201s1934\\\\ua\||||||||||\||||||fre|d
=040  \\$auk$beng$cNL-LeKB
=041  \\$afre$hara
=100  1\$aMuḥammad ibn Aḥmad, Ibn Iyās.
=240  \\$6880-03$aKitāb taʾrīkh Miṣr al-mashhūr.$kSelections
=264  \1$6880-07$aLe Caire.
=300  \\$apages I-29 ;$c(4º)
=336  \\$atext$2rdacontent
=337  \\$aunmediated$2rdamedia
=338  \\$avolume$2rdacarrier
=520  \\$aExtrait de lʾhistoire de lʾÉgypte, volume II, par Aḥmed ibn Iyâs...Boulaq, I3II a.h., avec 3 planches. Traduit de lʾArabe par Mme R.L. Devonshire. In: Bulletin de lʾInstitut Français dʾArchéologie Orientale, tome iv.
=651  \4$aEgypt$xHistory.
=700  1\$aDevonshire, Mme R.L.$4trl
=752  \\$aEgypt$dCairo.
=852  41$aBritish Library$bOC$jAc.5200
=880  \\$6240-03/r$aكتاب تاريخ مصر المشهور ببدائع الزهور في وقائع الدهور
=880  \\$6260-07/r$a[القاهرة، مصر]
=985  \\$aMulti-matched on shelfmark to:000361756,000411456,000921373,001194018,001533690,002375418,002416775,002596736,003067460,003398528,003879021,003879022,003922950,011732515
=985  \\$aDuplicate? - potential match with existing BLL01 record
=985  \\$aCorrected by MS generated file for WR# 1805-0738
=CAT  \\$aWR13_183$b00$c20131214$h1003$lBLL01
=CAT  \\$aBATCH$b00$c20131214$h1049$lBLL01
=CAT  \\$aWR13_183$c20140127$lBLL01$h2351
=CAT  \\$a1805-0738$c20181228$lBLL01$h1834
=CAT  \\$a1805-0738$b00$c20181228$lBLL01$h1918
=CAT  \\$aW2001-2376$c20200626$lBLL01$h1829
=FMT  \\$a  BK
=LAS  \\$aW2001-2376$b00$c20200626$lBLL01$h1829
=SRC  \\$aBrill BABO$bBL_Printed_Works_Brill_20130702.mrc
=STA  \\$aSUPPRESSED$bPreliminary Record

