=LDR  01419 am a22003851u 4500
=001  016567381
=003  Uk
=005  20200626182923.0
=008  091201s18801881it\||||||||||\||||||mul|d
=040  \\$auk$beng$cNL-LeKB
=041  \\$amul
=110  \\$aInternational Oriental Congress.
=264  \1$6880-07$aFirenze.
=300  \\$a2 volumes ;$c(8º)
=336  \\$atext$2rdacontent
=337  \\$aunmediated$2rdamedia
=338  \\$avolume$2rdacarrier
=520  \\$aAtti del IV. Congresso Internazional degli Orientalisti tenuto in Firenze nel Settembre 1878.
=650  \4$aOrientalists$xCongresses.
=752  \\$aItaly$dFlorence.
=852  41$aBritish Library$bOC$jAc.8806.
=880  \\$6260-07/r$aفلورنسا [إيطاليا]
=985  \\$aMulti-matched on shelfmark to:000437109,001806741,002959064,002995064
=985  \\$aDuplicate? - potential match with existing BLL01 record
=985  \\$aCorrected by MS generated file for WR# 1805-0738
=CAT  \\$aWR13_183$b00$c20131214$h1003$lBLL01
=CAT  \\$aBATCH$b00$c20131214$h1049$lBLL01
=CAT  \\$aWR13_183$c20140127$lBLL01$h2351
=CAT  \\$a1805-0738$c20181228$lBLL01$h1834
=CAT  \\$a1805-0738$b00$c20181228$lBLL01$h1918
=CAT  \\$aW2001-2376$c20200626$lBLL01$h1829
=FMT  \\$a  BK
=LAS  \\$aW2001-2376$b00$c20200626$lBLL01$h1829
=SRC  \\$aBrill BABO$bBL_Printed_Works_Brill_20130702.mrc
=STA  \\$aSUPPRESSED$bPreliminary Record

