=LDR  01561 am a22004211u 4500
=001  016567450
=003  Uk
=005  20130620122622.0
=008  091201s1839\\\\gw\||||||||||\||||||ger|d
=040  \\$auk$beng$cNL-LeKB
=041  \\$ager
=110  \\$aEberhard-Karls-Universität.
=264  \1$6880-07$aTübingen.
=300  \\$a32 pages ;$c(4º)
=336  \\$atext$2rdacontent
=337  \\$aunmediated$2rdamedia
=338  \\$avolume$2rdacarrier
=340  \\$m4to$2rdabf
=520  \\$aVerzeichniss der orientalischen Handschriften der Universitäts-Bibliothek zu Tübingen. [By G. H. A. von Ewald.]
=700  1\$avon Ewald, G. H. A.$4edt
=752  \\$aGermany$dTübingen.
=852  41$aBritish Library$bOC$j821.k.34.
=880  \\$6260-07/r$aتوبنغن [ألمانيا]
=985  \\$aCorrected by MS generated file for WR# 11/211
=985  \\$aDuplicate? - potential match with existing BLL01 record
=985  \\$aMulti-matched on shelfmark to:001182251,003685673
=985  \\$aCorrected by MS generated file for WR# 1805-0738
=CAT  \\$aWR13_183$b00$c20131214$h1003$lBLL01
=CAT  \\$aBATCH$b00$c20131214$h1049$lBLL01
=CAT  \\$aWR13_183$c20140127$lBLL01$h2351
=CAT  \\$aWR11_211$c20141028$lBLL01$h2035
=CAT  \\$aBLSS-CORR$b00$c20141028$lBLL01$h2041
=CAT  \\$a1805-0738$c20181228$lBLL01$h1834
=CAT  \\$a1805-0738$b00$c20181228$lBLL01$h1918
=FMT  \\$a  BK
=LAS  \\$a1805-0738$b00$c20181228$lBLL01$h1918
=SRC  \\$aBrill BABO$bBL_Printed_Works_Brill_20130702.mrc
=STA  \\$aSUPPRESSED$bPreliminary Record

