=LDR  01443 am a22003731u 4500
=001  016567496
=003  Uk
=005  20130620122627.0
=008  091201s18311836enk||||||||||\||||||eng|d
=040  \\$auk$beng$cNL-LeKB
=041  \\$aeng$hmul
=110  \\$aOriental Translation Fund of Great Britain and Ireland.
=264  \1$6880-07$aLondon.
=300  \\$a2 volumes ;$c(8º)
=336  \\$atext$2rdacontent
=337  \\$aunmediated$2rdamedia
=338  \\$avolume$2rdacarrier
=340  \\$m8vo$2rdabf
=520  \\$aOriental Language. Miscellaneous translations from Oriental Languages.
=752  \\$aEngland$dLondon.
=852  41$aBritish Library$bOC$j14003.d.5.
=880  \\$6260-07/r$aلندن [إنكلترا]
=985  \\$aMulti-matched on shelfmark to:000009628,001786852,001924147,001961095,002344095,002594984,003026654,003221156,003640918,003783603,013162922,015483020,015483047
=985  \\$aDuplicate? - potential match with existing BLL01 record
=985  \\$aCorrected by MS generated file for WR# 1805-0738
=CAT  \\$aWR13_183$b00$c20131214$h1003$lBLL01
=CAT  \\$aBATCH$b00$c20131214$h1049$lBLL01
=CAT  \\$aWR13_183$c20140127$lBLL01$h2351
=CAT  \\$a1805-0738$c20181228$lBLL01$h1834
=CAT  \\$a1805-0738$b00$c20181228$lBLL01$h1918
=FMT  \\$a  BK
=LAS  \\$a1805-0738$b00$c20181228$lBLL01$h1918
=SRC  \\$aBrill BABO$bBL_Printed_Works_Brill_20130702.mrc
=STA  \\$aSUPPRESSED$bPreliminary Record

