=LDR  01520 am a22003851u 4500
=001  016567540
=003  Uk
=005  20200626182924.0
=008  091201s1854\\\\enk||||||||||\||||||ara|d
=040  \\$auk$beng$cNL-LeKB
=041  \\$aara
=110  \\$aOriental Translation Fund of Great Britain and Ireland.
=264  \1$6880-07$aLondon (Greifswald).
=300  \\$a1 volume ;$c(4º)
=336  \\$atext$2rdacontent
=337  \\$aunmediated$2rdamedia
=338  \\$avolume$2rdacarrier
=520  \\$aCarmina Hudsailitarum quotquot in Codice Lugdunensi insunt. [Collected and annotated by al-Sukkarī.] Arabice edita adjectaque translatione annotationibusque illustrata ab. J. G. L. Kosegarten.
=700  0\$aḤasan ibn Ḥusain.$4oth
=700  1\$aKosegarten, J. G. L.$4oth
=752  \\$aEngland$dLondon (Greifswald).
=852  41$aBritish Library$bOC$j14003.g.5.
=880  \\$6260-07/r$aلندن [إنكلترا]
=985  \\$aDuplicate? - potential match with existing BLL01 record
=985  \\$aCorrected by MS generated file for WR# 1805-0738
=CAT  \\$aWR13_183$b00$c20131214$h1003$lBLL01
=CAT  \\$aBATCH$b00$c20131214$h1049$lBLL01
=CAT  \\$aWR13_183$c20140127$lBLL01$h2351
=CAT  \\$a1805-0738$c20181228$lBLL01$h1834
=CAT  \\$a1805-0738$b00$c20181228$lBLL01$h1918
=CAT  \\$aW2001-2376$c20200626$lBLL01$h1829
=FMT  \\$a  BK
=LAS  \\$aW2001-2376$b00$c20200626$lBLL01$h1829
=SRC  \\$aBrill BABO$bBL_Printed_Works_Brill_20130702.mrc
=STA  \\$aSUPPRESSED$bPreliminary Record

