=LDR  00950 am a22003011u 4500
=001  016567977
=003  Uk
=005  20130620122612.0
=008  091201suuuu\\\\enk||||||||||\||||||eng|d
=040  \\$auk$beng$cNL-LeKB
=041  \\$aeng
=110  \\$aOxford.$bBodleian Library.
=260  \\$6880-07$aOxford.
=300  \\$ap. ;$ccm.
=336  \\$atext$2rdacontent
=337  \\$aunmediated$2rdamedia
=338  \\$avolume$2rdacarrier
=752  \\$aEngland$dOxford.
=852  41$aBritish Library$bOC$j7757.f.30.
=880  \\$6260-07/r$aأوكسفورد [إنكلترا]
=985  \\$aDuplicate? - potential match with existing BLL01 record
=CAT  \\$aWR13_183$b00$c20131214$h1003$lBLL01
=CAT  \\$aBATCH$b00$c20131214$h1049$lBLL01
=CAT  \\$aWR13_183$c20140127$lBLL01$h2351
=FMT  \\$a  BK
=LAS  \\$aWR13_183$b00$c20140127$lBLL01$h2351
=SRC  \\$aBrill BABO$bBL_Printed_Works_Brill_20130702.mrc
=STA  \\$aSUPPRESSED$bPreliminary Record

