=LDR  01507 am a22004091u 4500
=001  016568324
=003  Uk
=005  20130620122623.0
=008  091201suuuu\\\\ua\||||||||||\||||||ara|d
=040  \\$auk$beng$cNL-LeKB
=041  \\$aara
=110  1\$aEgypt.$bWizārat al-Dākhilīyah.
=264  \1$6880-07$aLe Caire :$bImprimerie nationale de Boulaq,$c[n.d.]
=300  \\$a147 pages ;$c(4º)
=336  \\$atext$2rdacontent
=337  \\$aunmediated$2rdamedia
=338  \\$avolume$2rdacarrier
=340  \\$m4to$2rdabf
=520  \\$aDictionnaire des villes, villages, hameaux, etc., de lʾÉgypte. [With a prefatory letter by F. Amici-Bey.]
=651  \4$aEgypt$xDescription and travel.
=655  \7$2rbgenr$aGeographical dictionaries.
=700  1\$aAmici-Bey, F.$4oth
=752  \\$aEgypt$dCairo.
=852  41$aBritish Library$bOC$j10097.l.10.
=880  \\$6260-07/r$aالقاهرة [مصر]
=985  \\$aDuplicate? - potential match with existing BLL01 record
=985  \\$aCorrected by MS generated file for WR# 1805-0738
=CAT  \\$aWR13_183$b00$c20131214$h1003$lBLL01
=CAT  \\$aBATCH$b00$c20131214$h1049$lBLL01
=CAT  \\$aBATCH-UPD$b00$c20131214$h1113$lBLL01
=CAT  \\$aWR13_183$c20140127$lBLL01$h2351
=CAT  \\$a1805-0738$c20181228$lBLL01$h1834
=CAT  \\$a1805-0738$b00$c20181228$lBLL01$h1918
=FMT  \\$a  BK
=LAS  \\$a1805-0738$b00$c20181228$lBLL01$h1918
=SRC  \\$aBrill BABO$bBL_Printed_Works_Brill_20130702.mrc
=STA  \\$aSUPPRESSED$bPreliminary Record

