=LDR  01861 am a22004331u 4500
=001  016568354
=003  Uk
=005  20200626182932.0
=008  091201s1887\\\\ua\||||||||||\||||||cop|d
=040  \\$auk$beng$cNL-LeKB
=041  \\$acop$aara$hcop
=110  2\$aCoptic Church.
=264  \1$6880-07$aCairo.
=300  \\$a423, 10 pages ;$c(8º)
=336  \\$atext$2rdacontent
=337  \\$aunmediated$2rdamedia
=338  \\$avolume$2rdacarrier
=520  \\$aBegin خولاجى قداس القديس باسيليوس بحسب ترتيب الكنيسة المرقصية القبطية الارثذوكسية [The Anaphora of St. Basil and St. Gregory, followed by the Prayers of the Evening and Morning Incense (pp. 299-423). The Coptic text with an Arabic translation, edited by Philotheos, Hegumenos of the Patriarchal Church at Cairo.]
=655  \7$2rbgenr$aLiturgical books.
=700  0\$aPhilotheos.$4oth
=752  \\$aEgypt$dCairo.
=852  41$aBritish Library$bOC$j754.a.9.
=880  \\$6260-07/r$aبمصر [القاهرة، مصر]
=985  \\$aCorrected by MS generated file for WR# 11/211
=985  \\$aDuplicate? - potential match with existing BLL01 record
=985  \\$aCorrected by MS generated file for WR# 1805-0738
=CAT  \\$aWR13_183$b00$c20131214$h1003$lBLL01
=CAT  \\$aBATCH-UPD$b00$c20131214$h1012$lBLL01
=CAT  \\$aBATCH$b00$c20131214$h1049$lBLL01
=CAT  \\$aWR13_183$c20140127$lBLL01$h2351
=CAT  \\$aWR11_211$c20141028$lBLL01$h2035
=CAT  \\$aBLSS-CORR$b00$c20141028$lBLL01$h2041
=CAT  \\$a1805-0738$c20181228$lBLL01$h1834
=CAT  \\$a1805-0738$b00$c20181228$lBLL01$h1918
=CAT  \\$aW2001-2376$c20200626$lBLL01$h1829
=FMT  \\$a  BK
=LAS  \\$aW2001-2376$b00$c20200626$lBLL01$h1829
=SRC  \\$aBrill BABO$bBL_Printed_Works_Brill_20130702.mrc
=STA  \\$aSUPPRESSED$bPreliminary Record

