=LDR  01461 am a22004091u 4500
=001  016568421
=003  Uk
=005  20200626182932.0
=008  091201s1888\\\\ru\||||||||||\||||||rus|d
=040  \\$auk$beng$cNL-LeKB
=041  \\$arus
=110  \\$aImperatorsky Sanktpeterburgsky Universitet.
=264  \1$6880-07$aSaint Petersburg.
=300  \\$axiii, 199 pages ;$c(8º)
=336  \\$atext$2rdacontent
=337  \\$aunmediated$2rdamedia
=338  \\$avolume$2rdacarrier
=546  \\$a<und>
=700  0\$aAḥmad ibn ʿUmar ibn Dustah.$4oth
=752  \\$aRussia$dSaint Petersburg.
=852  41$aBritish Library$bOC$j14565.a.24.
=880  \\$6260-07/r$aسان بترسبورغ [روسيا]
=985  \\$aCorrected by MS generated file for WR# 11/211
=985  \\$aDuplicate? - potential match with existing BLL01 record
=985  \\$aCorrected by MS generated file for WR# 1805-0738
=CAT  \\$aWR13_183$b00$c20131214$h1003$lBLL01
=CAT  \\$aBATCH$b00$c20131214$h1049$lBLL01
=CAT  \\$aWR13_183$c20140127$lBLL01$h2351
=CAT  \\$aWR11_211$c20141028$lBLL01$h2035
=CAT  \\$aBLSS-CORR$b00$c20141028$lBLL01$h2041
=CAT  \\$a1805-0738$c20181228$lBLL01$h1834
=CAT  \\$a1805-0738$b00$c20181228$lBLL01$h1918
=CAT  \\$aW2001-2376$c20200626$lBLL01$h1829
=FMT  \\$a  BK
=LAS  \\$aW2001-2376$b00$c20200626$lBLL01$h1829
=SRC  \\$aBrill BABO$bBL_Printed_Works_Brill_20130702.mrc
=STA  \\$aSUPPRESSED$bPreliminary Record

