=LDR  01243 am a22003251u 4500
=001  016568452
=003  Uk
=005  20130620122627.0
=008  091201s1888\\\\|||||||||||||\||||||ara|d
=040  \\$auk$beng$cNL-LeKB
=041  \\$aara$aspa$hara
=130  0\$6880-02$aQurʾan.
=300  \\$ap. ;$ccm.
=336  \\$atext$2rdacontent
=337  \\$aunmediated$2rdamedia
=338  \\$avolume$2rdacarrier
=520  \\$aفاتحة الكتاب. سورة النازعات. سورة التين [The 1st, 79th, and 95th, Surahs of the Qurʾān, with an interlineary translation in "Aljamiado," i.e. Spanish written in the Arabic character. A specimen.]
=700  0\$aGil P.$4edt
=852  41$aBritish Library$bOC$j14586.c.18.
=880  \\$6130-02/r$aقرآن
=985  \\$aDuplicate? - potential match with existing BLL01 record
=CAT  \\$aWR13_183$b00$c20131214$h1003$lBLL01
=CAT  \\$aBATCH-UPD$b00$c20131214$h1013$lBLL01
=CAT  \\$aBATCH$b00$c20131214$h1049$lBLL01
=CAT  \\$aWR13_183$c20140127$lBLL01$h2351
=CAT  \\$aBATCH-UPD$b00$c20140127$lBLL01$h2359
=FMT  \\$a  BK
=LAS  \\$aBATCH-UPD$b00$c20140127$lBLL01$h2359
=SRC  \\$aBrill BABO$bBL_Printed_Works_Brill_20130702.mrc
=STA  \\$aSUPPRESSED$bPreliminary Record

