=LDR  01283 am a22003851u 4500
=001  016569423
=003  Uk
=005  20200626182946.0
=008  091201s1890\\\\ua\||||||||||\||||||ara|d
=040  \\$auk$beng$cNL-LeKB
=041  \\$aara
=130  0\$6880-02$aQurʾan.
=264  \1$6880-07$aCairo.
=300  \\$a580 pages :$blith ;$c(8º)
=336  \\$atext$2rdacontent
=337  \\$aunmediated$2rdamedia
=338  \\$avolume$2rdacarrier
=520  \\$aBegin. انه لقران كريم.
=752  \\$aEgypt$dCairo.
=852  41$aBritish Library$bOC$j14507.a.20.
=880  \\$6130-02/r$aقرآن
=880  \\$6260-07/r$aالقاهرة [مصر]
=985  \\$aCorrected by MS generated file for WR# 1805-0738
=CAT  \\$aWR13_183$b00$c20131214$h1003$lBLL01
=CAT  \\$aBATCH-UPD$b00$c20131214$h1019$lBLL01
=CAT  \\$aBATCH$b00$c20131214$h1049$lBLL01
=CAT  \\$aWR13_183$c20140127$lBLL01$h2351
=CAT  \\$aBATCH-UPD$b00$c20140128$lBLL01$h0006
=CAT  \\$a1805-0738$c20181228$lBLL01$h1834
=CAT  \\$a1805-0738$b00$c20181228$lBLL01$h1918
=CAT  \\$aW2001-2376$c20200626$lBLL01$h1829
=FMT  \\$a  BK
=LAS  \\$aW2001-2376$b00$c20200626$lBLL01$h1829
=SRC  \\$aBrill BABO$bBL_Printed_Works_Brill_20130702.mrc
=STA  \\$aSUPPRESSED$bPreliminary Record

