=LDR  00734 am a22002531u 4500
=001  016569546
=003  Uk
=005  20130620122600.0
=008  091201suuuu\\\\|||||||||||||\||||||ara|d
=040  \\$auk$beng$cNL-LeKB
=041  \\$aara
=110  \\$aEgypt.
=300  \\$ap. ;$ccm.
=336  \\$atext$2rdacontent
=337  \\$aunmediated$2rdamedia
=338  \\$avolume$2rdacarrier
=852  41$aBritish Library$bOC$j14542.c.10.
=CAT  \\$aWR13_183$b00$c20131214$h1003$lBLL01
=CAT  \\$aBATCH$b00$c20131214$h1049$lBLL01
=CAT  \\$aWR13_183$c20140127$lBLL01$h2351
=FMT  \\$a  BK
=LAS  \\$aWR13_183$b00$c20140127$lBLL01$h2351
=SRC  \\$aBrill BABO$bBL_Printed_Works_Brill_20130702.mrc
=STA  \\$aSUPPRESSED$bPreliminary Record

