=LDR  01217 am a22003131u 4500
=001  016569550
=003  Uk
=005  20130620122600.0
=008  091201suuuu\\\\|||||||||||||\||||||ara|d
=040  \\$auk$beng$cNL-LeKB
=041  \\$aara
=100  1\$aMasʿūd ibn ʿUmar Saʿd al-Dīn, al-Taftāzānī.
=240  \\$6880-03$aTahḍīb al-manṭiq waʾl-kalām.$kSelections
=300  \\$app. 20, 1.
=336  \\$atext$2rdacontent
=337  \\$aunmediated$2rdamedia
=338  \\$avolume$2rdacarrier
=500  \\$aMajmūʿah i Manṭiq مجموعه منطق A collection of philosophical treatises [1862] 8º.
=520  \\$aThe first part only, treating of logic. Accompanied on the margin by an anonymous Persian commentary, and followed by a tabulation of the four figures of the Syllogism.
=650  \4$aLogic.
=852  41$aBritish Library$bOC$j14540.c.29.
=880  \\$6240-03/r$aتهذيب
=CAT  \\$aWR13_183$b00$c20131214$h1003$lBLL01
=CAT  \\$aBATCH$b00$c20131214$h1049$lBLL01
=CAT  \\$aWR13_183$c20140127$lBLL01$h2351
=FMT  \\$a  BK
=LAS  \\$aWR13_183$b00$c20140127$lBLL01$h2351
=SRC  \\$aBrill BABO$bBL_Printed_Works_Brill_20130702.mrc
=STA  \\$aSUPPRESSED$bPreliminary Record

