=LDR  01415 am a22003731u 4500
=001  016569642
=003  Uk
=005  20200626182950.0
=008  091201s1892\\\\pk\||||||||||\||||||ara|d
=040  \\$auk$beng$cNL-LeKB
=041  \\$aara$aurd$hara
=130  \\$6880-02$aḌarūrat al-muslimīn.
=264  \1$6880-07$aLahore.
=300  \\$a44 pages :$blith ;$c(8º)
=336  \\$atext$2rdacontent
=337  \\$aunmediated$2rdamedia
=338  \\$avolume$2rdacarrier
=520  \\$aThe prayers necessary for Muhammadans, accompanied by Hindustani interlineary translation. To which is added an exposition of the Muhammadan ritual, in Hindustani.
=650  \4$aIslam.
=752  \\$aPakistan$dLahore.
=852  41$aBritish Library$bOC$j14104.e.48.(3.)
=880  \\$6130-02/r$aضرورت المسلمين يعنى نمار مترجم
=880  \\$6260-07/r$aلاهو [باكستان]
=985  \\$aCorrected by MS generated file for WR# 1805-0738
=CAT  \\$aWR13_183$b00$c20131214$h1003$lBLL01
=CAT  \\$aBATCH$b00$c20131214$h1049$lBLL01
=CAT  \\$aWR13_183$c20140127$lBLL01$h2351
=CAT  \\$a1805-0738$c20181228$lBLL01$h1834
=CAT  \\$a1805-0738$b00$c20181228$lBLL01$h1918
=CAT  \\$aW2001-2376$c20200626$lBLL01$h1829
=FMT  \\$a  BK
=LAS  \\$aW2001-2376$b00$c20200626$lBLL01$h1829
=SRC  \\$aBrill BABO$bBL_Printed_Works_Brill_20130702.mrc
=STA  \\$aSUPPRESSED$bPreliminary Record

