=LDR  01201 am a22003731u 4500
=001  016569924
=003  Uk
=005  20130620122601.0
=008  091201s1835\\\\mm\||||||||||\||||||ara|d
=040  \\$auk$beng$cNL-LeKB
=041  \\$aara
=130  \\$6880-02$aQawāʿid.
=264  \1$6880-07$aMalta.
=300  \\$a1 pages :$b14 plates ;$c(4º)
=336  \\$atext$2rdacontent
=337  \\$aunmediated$2rdamedia
=338  \\$avolume$2rdacarrier
=340  \\$m4to$2rdabf
=520  \\$aAn elementary drawing-book in Arabic.
=650  \4$aDrawing.
=752  \\$aMalta.
=852  41$aBritish Library$bOC$j14546.d.15.
=880  \\$6130-02/r$aبعض قواعد في اصول الرسم
=880  \\$6260-07/r$aمالطا
=985  \\$aCorrected by MS generated file for WR# 1805-0738
=CAT  \\$aWR13_183$b00$c20131214$h1003$lBLL01
=CAT  \\$aBATCH$b00$c20131214$h1050$lBLL01
=CAT  \\$aWR13_183$c20140127$lBLL01$h2351
=CAT  \\$a1805-0738$c20181228$lBLL01$h1834
=CAT  \\$a1805-0738$b00$c20181228$lBLL01$h1918
=FMT  \\$a  BK
=LAS  \\$a1805-0738$b00$c20181228$lBLL01$h1918
=SRC  \\$aBrill BABO$bBL_Printed_Works_Brill_20130702.mrc
=STA  \\$aSUPPRESSED$bPreliminary Record

