=LDR  01476 am a22004211u 4500
=001  016570289
=003  Uk
=005  20130620122602.0
=008  091201s1832\\\\ru\||||||||||\||||||ara|d
=040  \\$auk$beng$cNL-LeKB
=041  \\$aara
=130  0\$6880-02$aQurʾan.
=264  \1$6880-07$aKazan.
=300  \\$a477, 7 pages ;$c(folio)
=336  \\$atext$2rdacontent
=337  \\$aunmediated$2rdamedia
=338  \\$avolume$2rdacarrier
=340  \\$mfolio$2rdabf
=520  \\$aColophon begins: اوشال كلام شريف[The Qurʾān, with marginal notes in Arabic.
=752  \\$aRussia$dKazan.
=852  41$aBritish Library$bOC$j14507.d.1.
=880  \\$6130-02/r$aقرآن
=880  \\$6260-07/r$aقزان [روسيا]
=985  \\$aCorrected by MS generated file for WR# 11/211
=985  \\$aCorrected by MS generated file for WR# 1805-0738
=CAT  \\$aWR13_183$b00$c20131214$h1003$lBLL01
=CAT  \\$aBATCH-UPD$b00$c20131214$h1024$lBLL01
=CAT  \\$aBATCH$b00$c20131214$h1050$lBLL01
=CAT  \\$aWR13_183$c20140127$lBLL01$h2351
=CAT  \\$aBATCH-UPD$b00$c20140128$lBLL01$h0011
=CAT  \\$aWR11_211$c20141028$lBLL01$h2036
=CAT  \\$aBLSS-CORR$b00$c20141028$lBLL01$h2041
=CAT  \\$a1805-0738$c20181228$lBLL01$h1834
=CAT  \\$a1805-0738$b00$c20181228$lBLL01$h1918
=FMT  \\$a  BK
=LAS  \\$a1805-0738$b00$c20181228$lBLL01$h1918
=SRC  \\$aBrill BABO$bBL_Printed_Works_Brill_20130702.mrc
=STA  \\$aSUPPRESSED$bPreliminary Record

