=LDR  01586 am a22004091u 4500
=001  016571953
=003  Uk
=005  20200626183028.0
=008  091201s1880\\\\ii\||||||||||\||||||ara|d
=040  \\$auk$beng$cNL-LeKB
=041  \\$aara$aper$hara
=130  0\$6880-02$aQurʾan.
=264  \1$6880-07$aBombay.
=300  \\$a968 pages :$blith ;$c(folio)
=336  \\$atext$2rdacontent
=337  \\$aunmediated$2rdamedia
=338  \\$avolume$2rdacarrier
=520  \\$aقرآن مجيد مترجم معه نسخۀ تفسير حسيني [The Qurʾān, with the Persian interlineary translation by Walī Allāh. Accompanied by the Persian commentary of Ḥusain Vāʿiẓ Kāshifī.]
=700  0\$aḤusayn Vāʿiẓ Kāshifī.$4cmm
=700  0\$aWalī Allāh.$4trl
=752  \\$aIndia$dMumbai.
=852  41$aBritish Library$bOC$j14507.e.2.
=880  \\$6130-02/r$aقرآن
=880  \\$6260-07/r$aمنبئى [مومباي، الهند]
=985  \\$aCorrected by MS generated file for WR# 1805-0738
=CAT  \\$aWR13_183$b00$c20131214$h1003$lBLL01
=CAT  \\$aBATCH-UPD$b00$c20131214$h1033$lBLL01
=CAT  \\$aBATCH$b00$c20131214$h1050$lBLL01
=CAT  \\$aWR13_183$c20140127$lBLL01$h2351
=CAT  \\$aBATCH-UPD$b00$c20140128$lBLL01$h0022
=CAT  \\$a1805-0738$c20181228$lBLL01$h1834
=CAT  \\$a1805-0738$b00$c20181228$lBLL01$h1918
=CAT  \\$aW2001-2376$c20200626$lBLL01$h1830
=FMT  \\$a  BK
=LAS  \\$aW2001-2376$b00$c20200626$lBLL01$h1830
=SRC  \\$aBrill BABO$bBL_Printed_Works_Brill_20130702.mrc
=STA  \\$aSUPPRESSED$bPreliminary Record

