=LDR  01446 am a22003971u 4500
=001  016572595
=003  Uk
=005  20200626183037.0
=008  091201s1893\\\\ii\||||||||||\||||||ara|d
=040  \\$auk$beng$cNL-LeKB
=041  \\$aara$aurd$hara
=130  0\$6880-02$aQurʾan.
=264  \1$6880-07$aDelhi.
=300  \\$aSection 2 :$blith ;$c(folio)
=336  \\$atext$2rdacontent
=337  \\$aunmediated$2rdamedia
=338  \\$asheet$2rdacarrier
=520  \\$aThe Qurʾān. Begin سيقول السفهاء [With the Hindustani interlinear translation of Rafiʿ al-Dīn, and a marginal commentary in Persian.]
=700  0\$aRafiʿ al-Dīn.$4trl
=752  \\$aIndia$dDelhi.
=852  41$aBritish Library$bOC$j14507.e.17.
=880  \\$6130-02/r$aقرآن
=880  \\$6260-07/r$aدلهي [الهند]
=985  \\$aCorrected by MS generated file for WR# 1805-0738
=CAT  \\$aWR13_183$b00$c20131214$h1003$lBLL01
=CAT  \\$aBATCH-UPD$b00$c20131214$h1036$lBLL01
=CAT  \\$aBATCH$b00$c20131214$h1051$lBLL01
=CAT  \\$aWR13_183$c20140127$lBLL01$h2351
=CAT  \\$aBATCH-UPD$b00$c20140128$lBLL01$h0025
=CAT  \\$a1805-0738$c20181228$lBLL01$h1835
=CAT  \\$a1805-0738$b00$c20181228$lBLL01$h1919
=CAT  \\$aW2001-2376$c20200626$lBLL01$h1830
=FMT  \\$a  BK
=LAS  \\$aW2001-2376$b00$c20200626$lBLL01$h1830
=SRC  \\$aBrill BABO$bBL_Printed_Works_Brill_20130702.mrc
=STA  \\$aSUPPRESSED$bPreliminary Record

