=LDR  01120 am a22002771u 4500
=001  016572615
=003  Uk
=005  20130620122606.0
=008  091201suuuu\\\\|||||||||||||\||||||ara|d
=040  \\$auk$beng$cNL-LeKB
=041  \\$aara$alat$hara
=110  \\$aKasruwan.$bDair Bishārat al-Saiyidah Maryam.
=300  \\$ap. ;$ccm.
=336  \\$atext$2rdacontent
=337  \\$aunmediated$2rdamedia
=338  \\$avolume$2rdacarrier
=500  \\$aSee Basil, Saint, etc. كتاب فرايض مجمع راهبات دير يشارة الكلية القداسة مريم العذرا الخ (constitutiones Monialium Greco-Melchitarum ordinis S. Basilii Magni congregationis B. Virginis Annuntiationis a... Clemente XIII... confirmatae.) 1764. 8º.
=600  \\$aMary.
=852  41$aBritish Library$bOC$j14501.c.19.
=CAT  \\$aWR13_183$b00$c20131214$h1003$lBLL01
=CAT  \\$aBATCH$b00$c20131214$h1051$lBLL01
=CAT  \\$aWR13_183$c20140127$lBLL01$h2351
=FMT  \\$a  BK
=LAS  \\$aWR13_183$b00$c20140127$lBLL01$h2351
=SRC  \\$aBrill BABO$bBL_Printed_Works_Brill_20130702.mrc
=STA  \\$aSUPPRESSED$bPreliminary Record

