=LDR  01197 am a22003251u 4500
=001  016573161
=003  Uk
=005  20130620122608.0
=008  091201suuuu\\\\|||||||||||||\||||||per|d
=040  \\$auk$beng$cNL-LeKB
=041  \\$aper$hara
=130  0\$6880-02$aQurʾan.
=300  \\$ap. ;$ccm.
=336  \\$atext$2rdacontent
=337  \\$aunmediated$2rdamedia
=338  \\$avolume$2rdacarrier
=500  \\$aQurʾān. [Arabic and Persian.] هو العزيز الخ [The Qurʾān, accompanied by a Persian interlineary translation.] [1869] Fol.
=520  \\$aA Persian version of the Qurʾān, by Muḥammad Ṣādiq Khwānsārī.
=700  0\$aMuḥammad Ṣādiq Khwānsārī.$4trl
=852  41$aBritish Library$bOC$j14507.e.10.
=880  \\$6130-02/r$aقرآن
=CAT  \\$aWR13_183$b00$c20131214$h1004$lBLL01
=CAT  \\$aBATCH-UPD$b00$c20131214$h1038$lBLL01
=CAT  \\$aBATCH$b00$c20131214$h1051$lBLL01
=CAT  \\$aWR13_183$c20140127$lBLL01$h2351
=CAT  \\$aBATCH-UPD$b00$c20140128$lBLL01$h0028
=FMT  \\$a  BK
=LAS  \\$aBATCH-UPD$b00$c20140128$lBLL01$h0028
=SRC  \\$aBrill BABO$bBL_Printed_Works_Brill_20130702.mrc
=STA  \\$aSUPPRESSED$bPreliminary Record

