=LDR  00890 am a22002891u 4500
=001  016573472
=003  Uk
=005  20130620122608.0
=008  091201suuuu\\\\au\||||||||||\||||||lat|d
=040  \\$auk$beng$cNL-LeKB
=041  \\$alat
=110  \\$aVienna.$bKaiserlich-Königliche Hofbibliothek.
=260  \\$6880-07$aVienna.
=300  \\$ap. ;$ccm.
=336  \\$atext$2rdacontent
=337  \\$aunmediated$2rdamedia
=338  \\$avolume$2rdacarrier
=752  \\$aAustria$dVienna.
=852  41$aBritish Library$bOC$j620.k.11.
=880  \\$6260-07/r$aفيينا [النمسا]
=CAT  \\$aWR13_183$b00$c20131214$h1004$lBLL01
=CAT  \\$aBATCH$b00$c20131214$h1051$lBLL01
=CAT  \\$aWR13_183$c20140127$lBLL01$h2351
=FMT  \\$a  BK
=LAS  \\$aWR13_183$b00$c20140127$lBLL01$h2351
=SRC  \\$aBrill BABO$bBL_Printed_Works_Brill_20130702.mrc
=STA  \\$aSUPPRESSED$bPreliminary Record

