=LDR  01684 am a22004331u 4500
=001  016573829
=003  Uk
=005  20130620122609.0
=008  091201s1790\\\\fr\||||||||||\||||||ara|d
=040  \\$auk$beng$cNL-LeKB
=041  \\$aara
=130  0\$6880-02$aQurʾan.
=264  \1$6880-07$aStrassburg.
=300  \\$a477, vii pages ;$c(folio)
=336  \\$atext$2rdacontent
=337  \\$aunmediated$2rdamedia
=338  \\$avolume$2rdacarrier
=340  \\$mfolio$2rdabf
=500  \\$aQurʾān.-Without title-page or colophon. For a description of this edition, see Bibliothèque de M. le Baron Silvestre de Sacy, tom. 1, no. 1464.
=520  \\$aBegin. [sic] سورة فاتحة الكتاب العزيز سبع ايات [The Qurʾān. With marginal notes.]
=752  \\$aFrance$dStrassburg.
=852  41$aBritish Library$bOC$j14507.d.2.
=880  \\$6130-02/r$aقرآن
=880  \\$6260-07/r$aستراسبورغ [فرنسا]
=985  \\$aCorrected by MS generated file for WR# 11/211
=985  \\$aCorrected by MS generated file for WR# 1805-0738
=CAT  \\$aWR13_183$b00$c20131214$h1004$lBLL01
=CAT  \\$aBATCH-UPD$b00$c20131214$h1041$lBLL01
=CAT  \\$aBATCH$b00$c20131214$h1051$lBLL01
=CAT  \\$aWR13_183$c20140127$lBLL01$h2352
=CAT  \\$aBATCH-UPD$b00$c20140128$lBLL01$h0032
=CAT  \\$aWR11_211$c20141028$lBLL01$h2037
=CAT  \\$aBLSS-CORR$b00$c20141028$lBLL01$h2041
=CAT  \\$a1805-0738$c20181228$lBLL01$h1835
=CAT  \\$a1805-0738$b00$c20181228$lBLL01$h1919
=FMT  \\$a  BK
=LAS  \\$a1805-0738$b00$c20181228$lBLL01$h1919
=SRC  \\$aBrill BABO$bBL_Printed_Works_Brill_20130702.mrc
=STA  \\$aSUPPRESSED$bPreliminary Record

