=LDR  01225 am a22003491u 4500
=001  016573957
=003  Uk
=005  20200626183057.0
=008  091201s1881\\\\|||||||||||||\||||||ara|d
=040  \\$auk$beng$cNL-LeKB
=041  \\$aara
=130  \\$6880-02$aTaʿrīf al-Ashyā.
=300  \\$apages 67-84 ;$c(8º)
=336  \\$atext$2rdacontent
=337  \\$aunmediated$2rdamedia
=338  \\$avolume$2rdacarrier
=500  \\$aMajmūʿah i Manṭiq. مجموعه منطق [1862.] 8º.
=520  \\$aA series of definitions of philosophical terms, with a commentary.
=650  \4$aPhilosophy.
=852  41$aBritish Library$bOC$j14540.c.19.
=880  \\$6130-02/r$aتعريف الاشياء
=985  \\$aCorrected by MS generated file for WR# 1805-0738
=CAT  \\$aWR13_183$b00$c20131214$h1004$lBLL01
=CAT  \\$aBATCH$b00$c20131214$h1051$lBLL01
=CAT  \\$aWR13_183$c20140127$lBLL01$h2352
=CAT  \\$a1805-0738$c20181228$lBLL01$h1835
=CAT  \\$a1805-0738$b00$c20181228$lBLL01$h1919
=CAT  \\$aW2001-2376$c20200626$lBLL01$h1830
=FMT  \\$a  BK
=LAS  \\$aW2001-2376$b00$c20200626$lBLL01$h1830
=SRC  \\$aBrill BABO$bBL_Printed_Works_Brill_20130702.mrc
=STA  \\$aSUPPRESSED$bPreliminary Record

