=LDR  01568 am a22004091u 4500
=001  016573972
=003  Uk
=005  20200626183057.0
=008  091201s1862\\\\le\||||||||||\||||||ara|d
=040  \\$auk$beng$cNL-LeKB
=041  \\$aara
=130  \\$6880-02$aIrshād.
=264  \1$6880-07$aBeirut.
=300  \\$a71 pages ;$c(12º)
=336  \\$atext$2rdacontent
=337  \\$aunmediated$2rdamedia
=338  \\$avolume$2rdacarrier
=520  \\$aReprinted from the edition published at Rome in 1776.
=650  \4$aChristianity.
=752  \\$aLebanon$dBeirut.
=852  41$aBritish Library$bOC$j14501.b.20.
=880  \\$6130-02/r$aارشاد لاجل الاعتراف وتناول القربان المقدس تليه افعال الفضايل الالهية وبعض رياضيات تخص المسيحي ممارستها
=880  \\$6260-07/r$aبيروت [لبنان]
=985  \\$aCorrected by MS generated file for WR# 11/211
=985  \\$aCorrected by MS generated file for WR# 1805-0738
=CAT  \\$aWR13_183$b00$c20131214$h1004$lBLL01
=CAT  \\$aBATCH$b00$c20131214$h1051$lBLL01
=CAT  \\$aWR13_183$c20140127$lBLL01$h2352
=CAT  \\$aWR11_211$c20141028$lBLL01$h2037
=CAT  \\$aBLSS-CORR$b00$c20141028$lBLL01$h2041
=CAT  \\$a1805-0738$c20181228$lBLL01$h1835
=CAT  \\$a1805-0738$b00$c20181228$lBLL01$h1919
=CAT  \\$aW2001-2376$c20200626$lBLL01$h1830
=FMT  \\$a  BK
=LAS  \\$aW2001-2376$b00$c20200626$lBLL01$h1830
=SRC  \\$aBrill BABO$bBL_Printed_Works_Brill_20130702.mrc
=STA  \\$aSUPPRESSED$bPreliminary Record

