=LDR  01494 am a22004211u 4500
=001  016574292
=003  Uk
=005  20200626183104.0
=008  091201s1881\\\\ii\||||||||||\||||||urd|d
=040  \\$auk$beng$cNL-LeKB
=041  \\$aurd
=130  \\$6880-02$aQawāʿid i Baghdādī.
=264  \1$6880-07$aPatna.
=300  \\$a32 pages :$blith ;$c(8º)
=336  \\$atext$2rdacontent
=337  \\$aunmediated$2rdamedia
=338  \\$avolume$2rdacarrier
=520  \\$aFollowed by a collection of short prayers, with Hindustani rubrics.
=650  \4$aIslam.
=655  \7$2rbgenr$aPrayer books.
=752  \\$aIndia$dPatna.
=852  41$aBritish Library$bOC$j14586.d.21.(5.)
=880  \\$6130-02/r$aقواعد بغدادي مع نود نه نام
=880  \\$6260-07/r$aباتنا [الهند]
=985  \\$aCorrected by MS generated file for WR# 11/211
=985  \\$aCorrected by MS generated file for WR# 1805-0738
=CAT  \\$aWR13_183$b00$c20131214$h1004$lBLL01
=CAT  \\$aBATCH$b00$c20131214$h1051$lBLL01
=CAT  \\$aWR13_183$c20140127$lBLL01$h2352
=CAT  \\$aWR11_211$c20141028$lBLL01$h2037
=CAT  \\$aBLSS-CORR$b00$c20141028$lBLL01$h2041
=CAT  \\$a1805-0738$c20181228$lBLL01$h1835
=CAT  \\$a1805-0738$b00$c20181228$lBLL01$h1919
=CAT  \\$aW2001-2376$c20200626$lBLL01$h1831
=FMT  \\$a  BK
=LAS  \\$aW2001-2376$b00$c20200626$lBLL01$h1831
=SRC  \\$aBrill BABO$bBL_Printed_Works_Brill_20130702.mrc
=STA  \\$aSUPPRESSED$bPreliminary Record

