=LDR  01731 am a22004331u 4500
=001  016574351
=003  Uk
=005  20130620122610.0
=008  091201s1831\\\\ii\||||||||||\||||||ara|d
=040  \\$auk$beng$cNL-LeKB
=041  \\$aara
=130  0\$6880-02$aQurʾan.
=264  \1$6880-07$aKolkata.
=300  \\$a724 pages ;$c(8º)
=336  \\$atext$2rdacontent
=337  \\$aunmediated$2rdamedia
=338  \\$avolume$2rdacarrier
=340  \\$m8vo$2rdabf
=520  \\$aColophon begins: نحمد الله على اتمام طبع كلام الله المجيد [The Qurʾān, with a preface in Persian, and an introductory treatise in Arabic, on the orthography of the text and the rules to be observed in reciting it, by Muḥammad ʿAlī Khurāsānī.]
=700  0\$aMuḥammad ʿAlī Khurāsānī.$4aui
=752  \\$aIndia$dCalcutta.
=852  41$aBritish Library$bOC$j14507.b.11.
=880  \\$6130-02/r$aقرآن
=880  \\$6260-07/r$aكلكته [الهند]
=985  \\$aCorrected by MS generated file for WR# 11/211
=985  \\$aCorrected by MS generated file for WR# 1805-0738
=CAT  \\$aWR13_183$b00$c20131214$h1004$lBLL01
=CAT  \\$aBATCH-UPD$b00$c20131214$h1043$lBLL01
=CAT  \\$aBATCH$b00$c20131214$h1051$lBLL01
=CAT  \\$aWR13_183$c20140127$lBLL01$h2352
=CAT  \\$aBATCH-UPD$b00$c20140128$lBLL01$h0035
=CAT  \\$aWR11_211$c20141028$lBLL01$h2037
=CAT  \\$aBLSS-CORR$b00$c20141028$lBLL01$h2041
=CAT  \\$a1805-0738$c20181228$lBLL01$h1835
=CAT  \\$a1805-0738$b00$c20181228$lBLL01$h1919
=FMT  \\$a  BK
=LAS  \\$a1805-0738$b00$c20181228$lBLL01$h1919
=SRC  \\$aBrill BABO$bBL_Printed_Works_Brill_20130702.mrc
=STA  \\$aSUPPRESSED$bPreliminary Record

