=LDR  01420 am a22003731u 4500
=001  016575863
=003  Uk
=005  20130620122613.0
=008  091201s1840\\\\ii\||||||||||\||||||ara|d
=040  \\$auk$beng$cNL-LeKB
=041  \\$aara$ahin$hara
=130  0\$6880-02$aQurʾan.$kSelections.
=264  \1$6880-07$aLucknow.
=300  \\$a757 pages :$blith ;$c(folio)
=336  \\$atext$2rdacontent
=337  \\$aunmediated$2rdamedia
=338  \\$avolume$2rdacarrier
=340  \\$mfolio$2rdabf
=520  \\$aTranslation of Surah 1 begins: سب تعريف واسطى الله كي ثابت هي كه پالنی والا عالمونكا [The Qurʾān, with an anonymous Hindustani interlineary translation and marginal notes.]
=752  \\$aIndia$dLucknow.
=852  41$aBritish Library$bOC$j14507.e.6.
=880  \\$6130-02/r$aقرآن
=880  \\$6260-07/r$aلكهنو [الهند]
=985  \\$aCorrected by MS generated file for WR# 1805-0738
=CAT  \\$aWR13_183$b00$c20131214$h1004$lBLL01
=CAT  \\$aBATCH$b00$c20131214$h1052$lBLL01
=CAT  \\$aWR13_183$c20140127$lBLL01$h2352
=CAT  \\$aBATCH-UPD$b00$c20140817$lBLL01$h2035
=CAT  \\$a1805-0738$c20181228$lBLL01$h1835
=CAT  \\$a1805-0738$b00$c20181228$lBLL01$h1919
=FMT  \\$a  BK
=LAS  \\$a1805-0738$b00$c20181228$lBLL01$h1919
=SRC  \\$aBrill BABO$bBL_Printed_Works_Brill_20130702.mrc
=STA  \\$aSUPPRESSED$bPreliminary Record

