=LDR  01648 am a22003971u 4500
=001  016576071
=003  Uk
=005  20200626183131.0
=008  091201s1862\\\\ii\||||||||||\||||||ara|d
=040  \\$auk$beng$cNL-LeKB
=041  \\$aara$aper$hara
=130  0\$6880-02$aQurʾan.
=264  \1$6880-07$aBombay.
=300  \\$a432 ff :$blith ;$c(folio)
=336  \\$atext$2rdacontent
=337  \\$aunmediated$2rdamedia
=338  \\$avolume$2rdacarrier
=500  \\$aNot paged.
=520  \\$aتفسير قرآن مجيد مسمى بمواهب عليه معروف به تفسير حسيني تصنيف كمال الدين حسين واعظ كاشفي [The Qurʾān, with an anonymous Persian interlineary translation. Accompanied, on the margin, by the Persian commentary of Ḥusain Vāʿiẓ Kāshifī, entitled Mavāhib i ʿalīyah.]
=752  \\$aIndia$dMumbai.
=852  41$aBritish Library$bOC$j14507.d.8.
=880  \\$6130-02/r$aقرآن
=880  \\$6260-07/r$aبمبئ [مومباي، الهند]
=985  \\$aCorrected by MS generated file for WR# 1805-0738
=CAT  \\$aWR13_183$b00$c20131214$h1004$lBLL01
=CAT  \\$aBATCH-UPD$b00$c20131214$h1050$lBLL01
=CAT  \\$aBATCH$b00$c20131214$h1052$lBLL01
=CAT  \\$aWR13_183$c20140127$lBLL01$h2352
=CAT  \\$aBATCH-UPD$b00$c20140128$lBLL01$h0056
=CAT  \\$a1805-0738$c20181228$lBLL01$h1835
=CAT  \\$a1805-0738$b00$c20181228$lBLL01$h1919
=CAT  \\$aW2001-2376$c20200626$lBLL01$h1831
=FMT  \\$a  BK
=LAS  \\$aW2001-2376$b00$c20200626$lBLL01$h1831
=SRC  \\$aBrill BABO$bBL_Printed_Works_Brill_20130702.mrc
=STA  \\$aSUPPRESSED$bPreliminary Record

