=LDR  01636 am a22003971u 4500
=001  016576268
=003  Uk
=005  20200626183134.0
=008  091201s18791884ii\||||||||||\||||||ara|d
=040  \\$auk$beng$cNL-LeKB
=041  \\$aara$atam$hara
=130  0\$6880-02$aQurʾan.
=264  \1$6880-07$aBombay.
=300  \\$avi, 626 pages :$blith ;$c(folio)
=336  \\$atext$2rdacontent
=337  \\$aunmediated$2rdamedia
=338  \\$avolume$2rdacarrier
=520  \\$aهذا مترجم القران بلسان الاروي... المسمى ب فتوحات الرحمانية في تفسير كلام الربانية [The Qurʾān, with an interlineary translation and marginal notes in Arvi, i.e. Tamil in the Arabic character, by Ḥabīb Muḥammad al-Qāhirī.]
=700  0\$aḤabīb Muḥammad al-Qāhirī.$4trl
=752  \\$aIndia$dMumbai.
=852  41$aBritish Library$bOC$j14507.e.4.
=880  \\$6130-02/r$aقرآن
=880  \\$6260-07/r$aبمبئ [مومباي، الهند]
=985  \\$aCorrected by MS generated file for WR# 1805-0738
=CAT  \\$aWR13_183$b00$c20131214$h1004$lBLL01
=CAT  \\$aBATCH-UPD$b00$c20131214$h1050$lBLL01
=CAT  \\$aBATCH$b00$c20131214$h1052$lBLL01
=CAT  \\$aWR13_183$c20140127$lBLL01$h2352
=CAT  \\$aBATCH-UPD$b00$c20140128$lBLL01$h0057
=CAT  \\$a1805-0738$c20181228$lBLL01$h1835
=CAT  \\$a1805-0738$b00$c20181228$lBLL01$h1919
=CAT  \\$aW2001-2376$c20200626$lBLL01$h1831
=FMT  \\$a  BK
=LAS  \\$aW2001-2376$b00$c20200626$lBLL01$h1831
=SRC  \\$aBrill BABO$bBL_Printed_Works_Brill_20130702.mrc
=STA  \\$aSUPPRESSED$bPreliminary Record

