=LDR  01470 am a22004091u 4500
=001  016576282
=003  Uk
=005  20130620122614.0
=008  091201s1740\\\\it\||||||||||\||||||ara|d
=040  \\$auk$beng$cNL-LeKB
=041  \\$aara
=130  \\$6880-02$aIrshād.
=264  \1$6880-07$aRome.
=300  \\$axx, 315 pages ;$c(8º)
=336  \\$atext$2rdacontent
=337  \\$aunmediated$2rdamedia
=338  \\$avolume$2rdacarrier
=340  \\$m8vo$2rdabf
=520  \\$aAn exposition of the Christian Faith, by a Bishop of the Roman Church. Translated from the Italian.
=650  \4$aChristianity.
=752  \\$aItaly$dRome.
=852  41$aBritish Library$bOC$j14501.a.5.
=880  \\$6130-02/r$aكتاب الارشاد لمنفعة ساير الملل والعباد
=880  \\$6260-07/r$aروما [إيطاليا]
=985  \\$aCorrected by MS generated file for WR# 11/211
=985  \\$aCorrected by MS generated file for WR# 1805-0738
=CAT  \\$aWR13_183$b00$c20131214$h1004$lBLL01
=CAT  \\$aBATCH$b00$c20131214$h1052$lBLL01
=CAT  \\$aWR13_183$c20140127$lBLL01$h2352
=CAT  \\$aWR11_211$c20141028$lBLL01$h2037
=CAT  \\$aBLSS-CORR$b00$c20141028$lBLL01$h2041
=CAT  \\$a1805-0738$c20181228$lBLL01$h1835
=CAT  \\$a1805-0738$b00$c20181228$lBLL01$h1919
=FMT  \\$a  BK
=LAS  \\$a1805-0738$b00$c20181228$lBLL01$h1919
=SRC  \\$aBrill BABO$bBL_Printed_Works_Brill_20130702.mrc
=STA  \\$aSUPPRESSED$bPreliminary Record

