=LDR  00913 am a22002891u 4500
=001  016576453
=003  Uk
=005  20130620122614.0
=008  091201suuuu\\\\|||||||||||||\||||||ara|d
=040  \\$auk$beng$cNL-LeKB
=041  \\$aara
=130  \\$6880-02$aAṣl al-Jumal.
=300  \\$ap. ;$ccm.
=336  \\$atext$2rdacontent
=337  \\$aunmediated$2rdamedia
=338  \\$avolume$2rdacarrier
=520  \\$aAn anonymous tract on the different kinds of sentences in Arabic.
=650  \4$aGrammar, Arabic.
=852  41$aBritish Library$bOC$j14820.d.5
=880  \\$6130-02/r$aتم اصل الجمل
=CAT  \\$aWR13_183$b00$c20131214$h1004$lBLL01
=CAT  \\$aBATCH$b00$c20131214$h1052$lBLL01
=CAT  \\$aWR13_183$c20140127$lBLL01$h2352
=FMT  \\$a  BK
=LAS  \\$aWR13_183$b00$c20140127$lBLL01$h2352
=SRC  \\$aBrill BABO$bBL_Printed_Works_Brill_20130702.mrc
=STA  \\$aSUPPRESSED$bPreliminary Record

