=LDR  01613 am a22003851u 4500
=001  016577278
=003  Uk
=005  20200626183150.0
=008  091201s1856\\\\ir\||||||||||\||||||ara|d
=040  \\$auk$beng$cNL-LeKB
=041  \\$aara$aper$hara
=130  0\$6880-02$aQurʾan.$kSelections.
=264  \1$6880-07$aTeheran.
=300  \\$a240 ff :$blith ;$c(8º)
=336  \\$atext$2rdacontent
=337  \\$aunmediated$2rdamedia
=338  \\$avolume$2rdacarrier
=500  \\$aWithout title-page, pagination, or headings to the Surahs.
=520  \\$aPersian translation of Surah 2 begins: بنام خداي... اينست كتابي كه خدا وعده داده نيست شكى دارن راه نماينده است مر پرهيزكارانرا [The Qurʾān, with an anonymous Persian interlineary translation, and occasional notes on the margin in the same language.]
=752  \\$aIran$dTehran.
=852  41$aBritish Library$bOC$j14507.b.6.
=880  \\$6130-02/r$aقرآن
=880  \\$6260-07/r$aطهران [إيران]
=985  \\$aCorrected by MS generated file for WR# 1805-0738
=CAT  \\$aWR13_183$b00$c20131214$h1004$lBLL01
=CAT  \\$aBATCH$b00$c20131214$h1052$lBLL01
=CAT  \\$aWR13_183$c20140127$lBLL01$h2352
=CAT  \\$aBATCH-UPD$b00$c20140817$lBLL01$h2035
=CAT  \\$a1805-0738$c20181228$lBLL01$h1835
=CAT  \\$a1805-0738$b00$c20181228$lBLL01$h1919
=CAT  \\$aW2001-2376$c20200626$lBLL01$h1831
=FMT  \\$a  BK
=LAS  \\$aW2001-2376$b00$c20200626$lBLL01$h1831
=SRC  \\$aBrill BABO$bBL_Printed_Works_Brill_20130702.mrc
=STA  \\$aSUPPRESSED$bPreliminary Record

