=LDR  01583 am a22003971u 4500
=001  016577345
=003  Uk
=005  20200626183151.0
=008  091201s1879\\\\tu\||||||||||\||||||ara|d
=040  \\$auk$beng$cNL-LeKB
=041  \\$aara$aota$hara
=130  0\$6880-02$aQurʾan.
=264  \1$6880-07$aConstantinople.
=300  \\$a604, 5 pages :$blith ;$c(8º)
=336  \\$atext$2rdacontent
=337  \\$aunmediated$2rdamedia
=338  \\$avolume$2rdacarrier
=520  \\$aColophon begins: الحمد لله... قد وقع الفراغ عن تحرير هذا المصحف الشريف [The Qurʾān, , , ,accompanied on the margin by Ismāʿīl Farrukh Efendiʾs Turkish translation and commentary.]
=700  0\$aIsmāʿīl Farrukh Efendi.$4trl
=752  \\$aTurkey$dIstanbul.
=852  41$aBritish Library$bOC$j14507.b.18.
=880  \\$6130-02/r$aقرآن
=880  \\$6260-07/r$aالقسطنطينية [إسطمبول، تركيا]
=985  \\$aCorrected by MS generated file for WR# 1805-0738
=CAT  \\$aWR13_183$b00$c20131214$h1004$lBLL01
=CAT  \\$aBATCH$b00$c20131214$h1052$lBLL01
=CAT  \\$aBATCH-UPD$b00$c20131214$h1054$lBLL01
=CAT  \\$aWR13_183$c20140127$lBLL01$h2352
=CAT  \\$aBATCH-UPD$b00$c20140128$lBLL01$h0103
=CAT  \\$a1805-0738$c20181228$lBLL01$h1835
=CAT  \\$a1805-0738$b00$c20181228$lBLL01$h1919
=CAT  \\$aW2001-2376$c20200626$lBLL01$h1831
=FMT  \\$a  BK
=LAS  \\$aW2001-2376$b00$c20200626$lBLL01$h1831
=SRC  \\$aBrill BABO$bBL_Printed_Works_Brill_20130702.mrc
=STA  \\$aSUPPRESSED$bPreliminary Record

