=LDR  01225 am a22003251u 4500
=001  016578008
=003  Uk
=005  20130620122617.0
=008  091201suuuu\\\\|||||||||||||\||||||tam|d
=040  \\$auk$beng$cNL-LeKB
=041  \\$atam$hara
=130  0\$6880-02$aQurʾan.
=300  \\$ap. ;$ccm.
=336  \\$atext$2rdacontent
=337  \\$aunmediated$2rdamedia
=338  \\$avolume$2rdacarrier
=500  \\$aQurʾān. [Arabic, and Tamil.] هذا مترجم القران الخ [The Qurʾān, with an interlineary translation in Tamil.] [1879, etc.] Fol.
=520  \\$aA Tamil version of the Qurʾān, in the Arabic character, by Ḥabīb Muḥammad al-Qābirī.
=700  0\$aḤabīb Muḥammad al-Qābirī.$4trl
=852  41$aBritish Library$bOC$j14507.e.4.
=880  \\$6130-02/r$aقرآن
=CAT  \\$aWR13_183$b00$c20131214$h1004$lBLL01
=CAT  \\$aBATCH$b00$c20131214$h1053$lBLL01
=CAT  \\$aBATCH-UPD$b00$c20131214$h1056$lBLL01
=CAT  \\$aWR13_183$c20140127$lBLL01$h2352
=CAT  \\$aBATCH-UPD$b00$c20140128$lBLL01$h0106
=FMT  \\$a  BK
=LAS  \\$aBATCH-UPD$b00$c20140128$lBLL01$h0106
=SRC  \\$aBrill BABO$bBL_Printed_Works_Brill_20130702.mrc
=STA  \\$aSUPPRESSED$bPreliminary Record

