=LDR  01292 am a22003131u 4500
=001  016578107
=003  Uk
=005  20130620122617.0
=008  091201suuuu\\\\|||||||||||||\||||||ara|d
=040  \\$auk$beng$cNL-LeKB
=041  \\$aara
=100  0\$aSharaf al-Dīn ibn ʿAbd al-ʿAlīm al-Yamanī.
=240  \\$6880-03$aQalāʾid ʿuqūd al-ʿiqyān.$kSelections
=300  \\$ap. ;$ccm.
=336  \\$atext$2rdacontent
=337  \\$aunmediated$2rdamedia
=338  \\$avolume$2rdacarrier
=500  \\$aSee: Sadīd al-Dīn al-Kāshgharī. منية المصلى [Munyat al-muṣalli.] pp. 119, 120. [1873.] 8º.
=520  \\$aExtracts from the Qalāʾid ʿuqūd al-ʿiqyān of Sharaf al-Dīn al-Yamanī (?), relating to the pre-eminence of the Imam Abu Ḥanīfah and his School.
=650  \4$aHanafites.
=852  41$aBritish Library$bOC$j14519.e.11.(1.)
=880  \\$6240-03/r$aقلايد عقود العقيان في مناقب ابيحنفية النعمان
=CAT  \\$aWR13_183$b00$c20131214$h1004$lBLL01
=CAT  \\$aBATCH$b00$c20131214$h1053$lBLL01
=CAT  \\$aWR13_183$c20140127$lBLL01$h2352
=FMT  \\$a  BK
=LAS  \\$aWR13_183$b00$c20140127$lBLL01$h2352
=SRC  \\$aBrill BABO$bBL_Printed_Works_Brill_20130702.mrc
=STA  \\$aSUPPRESSED$bPreliminary Record

