=LDR  01749 am a22003971u 4500
=001  016578436
=003  Uk
=005  20200626183208.0
=008  091201s1858\\\\ii\||||||||||\||||||ara|d
=040  \\$auk$beng$cNL-LeKB
=041  \\$aara$aper$hara
=130  0\$6880-02$aQurʾan.
=264  \1$6880-07$aBombay.
=300  \\$aii, 408 pages :$blith ;$c(folio)
=336  \\$atext$2rdacontent
=337  \\$aunmediated$2rdamedia
=338  \\$avolume$2rdacarrier
=500  \\$aQurʾān.-The interlinear version is nearly the same as in the Arabic-Persian edition of the Qurʾān published in Bombay in 1862. See Catalogue, vol. i., col. 884.
=520  \\$aBegin. هذا دعآء... اول قران [The Qurʾān. With an anonymous Persian interlinear translation, and (on margin) a series of notes in Persian on the occult virtues of various passages in the text. Preceded by a collection of talismanic diagrams and a table of the Surahs.]
=752  \\$aIndia$dMumbai.
=852  41$aBritish Library$bOC$j14507.dd.1.
=880  \\$6130-02/r$aقرآن
=880  \\$6260-07/r$aمنبئى [مومباي، الهند]
=985  \\$aCorrected by MS generated file for WR# 1805-0738
=CAT  \\$aWR13_183$b00$c20131214$h1004$lBLL01
=CAT  \\$aBATCH$b00$c20131214$h1053$lBLL01
=CAT  \\$aBATCH-UPD$b00$c20131214$h1058$lBLL01
=CAT  \\$aWR13_183$c20140127$lBLL01$h2352
=CAT  \\$aBATCH-UPD$b00$c20140128$lBLL01$h0109
=CAT  \\$a1805-0738$c20181228$lBLL01$h1835
=CAT  \\$a1805-0738$b00$c20181228$lBLL01$h1919
=CAT  \\$aW2001-2376$c20200626$lBLL01$h1832
=FMT  \\$a  BK
=LAS  \\$aW2001-2376$b00$c20200626$lBLL01$h1832
=SRC  \\$aBrill BABO$bBL_Printed_Works_Brill_20130702.mrc
=STA  \\$aSUPPRESSED$bPreliminary Record

