=LDR  01388 am a22003971u 4500
=001  016578606
=003  Uk
=005  20200626183211.0
=008  091201s1870\\\\pk\||||||||||\||||||ara|d
=040  \\$auk$beng$cNL-LeKB
=041  \\$aara
=130  \\$6880-02$aQawāʿid i Baghdādī.
=264  \1$6880-07$aLahore.
=300  \\$a16 pages ;$c(8º)
=336  \\$atext$2rdacontent
=337  \\$aunmediated$2rdamedia
=338  \\$avolume$2rdacarrier
=520  \\$aFollowed by the first Surah of the Qurʾān.
=752  \\$aPakistan$dLahore.
=852  41$aBritish Library$bOC$j14586.d.21.(1.)
=880  \\$6130-02/r$aقواعد بغدادي
=880  \\$6260-07/r$aلاهور [باكستان]
=985  \\$aCorrected by MS generated file for WR# 11/211
=985  \\$aCorrected by MS generated file for WR# 1805-0738
=CAT  \\$aWR13_183$b00$c20131214$h1004$lBLL01
=CAT  \\$aBATCH$b00$c20131214$h1053$lBLL01
=CAT  \\$aWR13_183$c20140127$lBLL01$h2352
=CAT  \\$aWR11_211$c20141028$lBLL01$h2038
=CAT  \\$aBLSS-CORR$b00$c20141028$lBLL01$h2042
=CAT  \\$a1805-0738$c20181228$lBLL01$h1835
=CAT  \\$a1805-0738$b00$c20181228$lBLL01$h1919
=CAT  \\$aW2001-2376$c20200626$lBLL01$h1832
=FMT  \\$a  BK
=LAS  \\$aW2001-2376$b00$c20200626$lBLL01$h1832
=SRC  \\$aBrill BABO$bBL_Printed_Works_Brill_20130702.mrc
=STA  \\$aSUPPRESSED$bPreliminary Record

