=LDR  01619 am a22004211u 4500
=001  016579385
=003  Uk
=005  20200626183225.0
=008  091201s1894\\\\ii\||||||||||\||||||ara|d
=040  \\$auk$beng$cNL-LeKB
=041  \\$aara$aurd
=130  0\$6880-02$aQurʾan.
=264  \1$6880-07$aCawnpore.
=300  \\$a160 pages :$blith ;$c(16º)
=336  \\$atext$2rdacontent
=337  \\$aunmediated$2rdamedia
=338  \\$avolume$2rdacarrier
=520  \\$aBegin. فهرست سورة يس [A collection of nine Surahs from the Qurʾān, followed by a number of prayers, the latter with prefatory notes in Hindustani. Intended for prophylactic use.]
=752  \\$aIndia$dKanpur.
=852  41$aBritish Library$bOC$j14519.a.6.(2.)
=880  \\$6130-02/r$aقرآن
=880  \\$6260-07/r$aكانپور [الهند]
=985  \\$aCorrected by MS generated file for WR# 11/211
=985  \\$aCorrected by MS generated file for WR# 1805-0738
=CAT  \\$aWR13_183$b00$c20131214$h1004$lBLL01
=CAT  \\$aBATCH$b00$c20131214$h1053$lBLL01
=CAT  \\$aBATCH-UPD$b00$c20131214$h1101$lBLL01
=CAT  \\$aWR13_183$c20140127$lBLL01$h2352
=CAT  \\$aBATCH-UPD$b00$c20140128$lBLL01$h0114
=CAT  \\$aWR11_211$c20141028$lBLL01$h2038
=CAT  \\$aBLSS-CORR$b00$c20141028$lBLL01$h2042
=CAT  \\$a1805-0738$c20181228$lBLL01$h1835
=CAT  \\$a1805-0738$b00$c20181228$lBLL01$h1919
=CAT  \\$aW2001-2376$c20200626$lBLL01$h1832
=FMT  \\$a  BK
=LAS  \\$aW2001-2376$b00$c20200626$lBLL01$h1832
=SRC  \\$aBrill BABO$bBL_Printed_Works_Brill_20130702.mrc
=STA  \\$aSUPPRESSED$bPreliminary Record

