=LDR  01276 am a22003611u 4500
=001  016580127
=003  Uk
=005  20130620122621.0
=008  091201s1787\\\\fr\||||||||||\||||||fre|d
=040  \\$auk$beng$cNL-LeKB
=041  \\$afre
=110  \\$aAcadémie des Inscriptions et Belles-Lettres.
=264  \1$6880-07$aParis.
=300  \\$atom 1 ;$c(4º)
=336  \\$atext$2rdacontent
=337  \\$aunmediated$2rdamedia
=338  \\$avolume$2rdacarrier
=340  \\$m4to$2rdabf
=520  \\$aNotices et Extraits des Manuscrits de la Bibliothèque du Roi, lus au comité établi par Sa Majesté dans lʾAcadémie, etc.
=655  \7$2rbgenr$aLibrary catalogues.
=752  \\$aFrance$dParis.
=852  41$aBritish Library$bOC$jBar.T.1-a.
=880  \\$6260-07/r$aباريس [فرنسا]
=985  \\$aCorrected by MS generated file for WR# 1805-0738
=CAT  \\$aWR13_183$b00$c20131214$h1004$lBLL01
=CAT  \\$aBATCH$b00$c20131214$h1053$lBLL01
=CAT  \\$aWR13_183$c20140127$lBLL01$h2352
=CAT  \\$a1805-0738$c20181228$lBLL01$h1836
=CAT  \\$a1805-0738$b00$c20181228$lBLL01$h1920
=FMT  \\$a  BK
=LAS  \\$a1805-0738$b00$c20181228$lBLL01$h1920
=SRC  \\$aBrill BABO$bBL_Printed_Works_Brill_20130702.mrc
=STA  \\$aSUPPRESSED$bPreliminary Record

