=LDR  01334 am a22003491u 4500
=001  016580601
=003  Uk
=005  20200626183243.0
=008  091201s1869\\\\|||||||||||||\||||||ara|d
=040  \\$auk$beng$cNL-LeKB
=041  \\$aara
=100  1\$aMasʿūd ibn ʿUmar Saʿd al-Dīn, al-Taftāzānī.
=240  \\$6880-03$aTahḍīb al-manṭiq waʾl-kalām.$kSelections
=300  \\$apages 121-141 ;$c(8º)
=336  \\$atext$2rdacontent
=337  \\$aunmediated$2rdamedia
=338  \\$avolume$2rdacarrier
=520  \\$aThe first part only, treating of logic. Accompanied on the margin by an anonymous Persian commentary, and followed by a tabulation of the four figures of the Syllogism.
=650  \4$aLogic.
=852  41$aBritish Library$bOC$j14540.c.8.
=880  \\$6240-03/r$aتهذيب
=985  \\$aCorrected by MS generated file for WR# 1805-0738
=CAT  \\$aWR13_183$b00$c20131214$h1004$lBLL01
=CAT  \\$aBATCH$b00$c20131214$h1054$lBLL01
=CAT  \\$aWR13_183$c20140127$lBLL01$h2352
=CAT  \\$a1805-0738$c20181228$lBLL01$h1836
=CAT  \\$a1805-0738$b00$c20181228$lBLL01$h1920
=CAT  \\$aW2001-2376$c20200626$lBLL01$h1832
=FMT  \\$a  BK
=LAS  \\$aW2001-2376$b00$c20200626$lBLL01$h1832
=SRC  \\$aBrill BABO$bBL_Printed_Works_Brill_20130702.mrc
=STA  \\$aSUPPRESSED$bPreliminary Record

