=LDR  01618 am a22004091u 4500
=001  016580893
=003  Uk
=005  20200626183247.0
=008  091201s1859\\\\it\||||||||||\||||||ara|d
=040  \\$auk$beng$cNL-LeKB
=041  \\$aara
=130  \\$6880-02$aIrshād.
=264  \1$6880-07$aRoma.
=300  \\$a178 pages ;$c(12º)
=336  \\$atext$2rdacontent
=337  \\$aunmediated$2rdamedia
=338  \\$avolume$2rdacarrier
=520  \\$aIstruzione per la Confessione e Comunione con gli atti delle virtù teologali ed altri esersizi del Cristiano.
=650  \4$aReligion.
=752  \\$aItaly$dRome.
=852  41$aBritish Library$bOC$j14501.a.4.
=880  \\$6130-02/r$aارشاد لاجل الاعتراف وتناول القربان المقدس تليه افعال الفضايل الالهية وبعض رياضيات تخص المسيحي ممارستها
=880  \\$6260-07/r$aروما [إيطاليا]
=985  \\$aCorrected by MS generated file for WR# 11/211
=985  \\$aCorrected by MS generated file for WR# 1805-0738
=CAT  \\$aWR13_183$b00$c20131214$h1004$lBLL01
=CAT  \\$aBATCH$b00$c20131214$h1054$lBLL01
=CAT  \\$aWR13_183$c20140127$lBLL01$h2352
=CAT  \\$aWR11_211$c20141028$lBLL01$h2038
=CAT  \\$aBLSS-CORR$b00$c20141028$lBLL01$h2042
=CAT  \\$a1805-0738$c20181228$lBLL01$h1836
=CAT  \\$a1805-0738$b00$c20181228$lBLL01$h1920
=CAT  \\$aW2001-2376$c20200626$lBLL01$h1832
=FMT  \\$a  BK
=LAS  \\$aW2001-2376$b00$c20200626$lBLL01$h1832
=SRC  \\$aBrill BABO$bBL_Printed_Works_Brill_20130702.mrc
=STA  \\$aSUPPRESSED$bPreliminary Record

