=LDR  01473 am a22003851u 4500
=001  016580944
=003  Uk
=005  20130620122623.0
=008  091201s1842\\\\ir\||||||||||\||||||ara|d
=040  \\$auk$beng$cNL-LeKB
=041  \\$aara
=130  0\$6880-02$aQurʾan.
=264  \1$6880-07$aTabriz.
=300  \\$a179 ff :$blith ;$c(8º)
=336  \\$atext$2rdacontent
=337  \\$aunmediated$2rdamedia
=338  \\$avolume$2rdacarrier
=340  \\$m8vo$2rdabf
=500  \\$aقبل از تلاوت اين قران دعا بخواند Without pagination. The ornamentation on the first page, the ruled margins, the Sections, the headings of the Surahs, and the small circles at the ends of the verses, are all supplied by hand.
=752  \\$aIran$dTabriz.
=852  41$aBritish Library$bOC$j14507.a.4.
=880  \\$6130-02/r$aقرآن
=880  \\$6260-07/r$aتبريز [إيران]
=985  \\$aCorrected by MS generated file for WR# 1805-0738
=CAT  \\$aWR13_183$b00$c20131214$h1005$lBLL01
=CAT  \\$aBATCH$b00$c20131214$h1054$lBLL01
=CAT  \\$aBATCH-UPD$b00$c20131214$h1106$lBLL01
=CAT  \\$aWR13_183$c20140127$lBLL01$h2352
=CAT  \\$aBATCH-UPD$b00$c20140128$lBLL01$h0122
=CAT  \\$a1805-0738$c20181228$lBLL01$h1836
=CAT  \\$a1805-0738$b00$c20181228$lBLL01$h1920
=FMT  \\$a  BK
=LAS  \\$a1805-0738$b00$c20181228$lBLL01$h1920
=SRC  \\$aBrill BABO$bBL_Printed_Works_Brill_20130702.mrc
=STA  \\$aSUPPRESSED$bPreliminary Record

