=LDR  01258 am a22003731u 4500
=001  016581098
=003  Uk
=005  20200626183250.0
=008  091201s1874\\\\ii\||||||||||\||||||ara|d
=040  \\$auk$beng$cNL-LeKB
=041  \\$aara
=130  \\$aPrayers.
=264  \1$6880-07$aBombay.
=300  \\$aff. 8 :$blith ;$c(4º)
=336  \\$atext$2rdacontent
=337  \\$aunmediated$2rdamedia
=338  \\$avolume$2rdacarrier
=520  \\$aBegin لا اله الا الله والله اكبر. [Four Muhammadan Prayers.]
=650  \4$aIslam.
=655  \7$2rbgenr$aPrayer books.
=752  \\$aIndia$dMumbai.
=852  41$aBritish Library$bOC$j14519.e.2.(5.)
=880  \\$6260-07/r$aمنبئى [مومباي، الهند]
=985  \\$aCorrected by MS generated file for WR# 1805-0738
=CAT  \\$aWR13_183$b00$c20131214$h1005$lBLL01
=CAT  \\$aBATCH$b00$c20131214$h1054$lBLL01
=CAT  \\$aWR13_183$c20140127$lBLL01$h2352
=CAT  \\$a1805-0738$c20181228$lBLL01$h1836
=CAT  \\$a1805-0738$b00$c20181228$lBLL01$h1920
=CAT  \\$aW2001-2376$c20200626$lBLL01$h1832
=FMT  \\$a  BK
=LAS  \\$aW2001-2376$b00$c20200626$lBLL01$h1832
=SRC  \\$aBrill BABO$bBL_Printed_Works_Brill_20130702.mrc
=STA  \\$aSUPPRESSED$bPreliminary Record

