=LDR  01756 am a22003971u 4500
=001  016581283
=003  Uk
=005  20200626183252.0
=008  091201s1869\\\\tu\||||||||||\||||||ara|d
=040  \\$auk$beng$cNL-LeKB
=041  \\$aara$atur$hara
=130  0\$6880-02$aQurʾan.
=264  \1$6880-07$aConstantinople.
=300  \\$a2 volumes ;$c(8º)
=336  \\$atext$2rdacontent
=337  \\$aunmediated$2rdamedia
=338  \\$avolume$2rdacarrier
=520  \\$aخواجكان ديوان معلا اركاندن اسمعيل فرخ افندينك مواكب اسميله تسميه ايدليكي تفسير مواهب ترجمه سيدر [The Qurʾān, accompanied by a Turkish translation and commentary by Ismāʿīl Farrukh Effendi, together entitled Mavākib, founded upon the Persian commentary of Ḥusain Vāʿiẓ Kāshifī, entitled Mavāhib i ʿalīyah.]
=700  0\$aIsmāʿīl Farrukh Effendi.$4oth
=752  \\$aTurkey$dIstanbul.
=852  41$aBritish Library$bOC$j14507.bb.4.
=880  \\$6130-02/r$aقرآن
=880  \\$6260-07/r$aالقسطنطينية [إسطمبول، تركيا]
=985  \\$aCorrected by MS generated file for WR# 1805-0738
=CAT  \\$aWR13_183$b00$c20131214$h1005$lBLL01
=CAT  \\$aBATCH$b00$c20131214$h1054$lBLL01
=CAT  \\$aBATCH-UPD$b00$c20131214$h1107$lBLL01
=CAT  \\$aWR13_183$c20140127$lBLL01$h2352
=CAT  \\$aBATCH-UPD$b00$c20140128$lBLL01$h0124
=CAT  \\$a1805-0738$c20181228$lBLL01$h1836
=CAT  \\$a1805-0738$b00$c20181228$lBLL01$h1920
=CAT  \\$aW2001-2376$c20200626$lBLL01$h1832
=FMT  \\$a  BK
=LAS  \\$aW2001-2376$b00$c20200626$lBLL01$h1832
=SRC  \\$aBrill BABO$bBL_Printed_Works_Brill_20130702.mrc
=STA  \\$aSUPPRESSED$bPreliminary Record

