=LDR  01398 am a22003851u 4500
=001  016581656
=003  Uk
=005  20130620122624.0
=008  091201s1850\\\\ii\||||||||||\||||||ara|d
=040  \\$auk$beng$cNL-LeKB
=041  \\$aara
=130  0\$6880-02$aQurʾan.
=264  \1$6880-07$aLucknow.
=300  \\$a624 pages :$blith ;$c(8º)
=336  \\$atext$2rdacontent
=337  \\$aunmediated$2rdamedia
=338  \\$avolume$2rdacarrier
=340  \\$m8vo$2rdabf
=520  \\$aوعلى الله فليتوكل المتوكلون انه لقران كريم في كتب مكنون[The Qurʾān, with marginal notes on the orthography of the text.]
=752  \\$aIndia$dLucknow.
=852  41$aBritish Library$bOC$j14507.c.12.
=880  \\$6130-02/r$aقرآن
=880  \\$6260-07/r$aلكهنو [الهند]
=985  \\$aCorrected by MS generated file for WR# 1805-0738
=CAT  \\$aWR13_183$b00$c20131214$h1005$lBLL01
=CAT  \\$aBATCH$b00$c20131214$h1054$lBLL01
=CAT  \\$aBATCH-UPD$b00$c20131214$h1109$lBLL01
=CAT  \\$aWR13_183$c20140127$lBLL01$h2353
=CAT  \\$aBATCH-UPD$b00$c20140128$lBLL01$h0126
=CAT  \\$a1805-0738$c20181228$lBLL01$h1836
=CAT  \\$a1805-0738$b00$c20181228$lBLL01$h1920
=FMT  \\$a  BK
=LAS  \\$a1805-0738$b00$c20181228$lBLL01$h1920
=SRC  \\$aBrill BABO$bBL_Printed_Works_Brill_20130702.mrc
=STA  \\$aSUPPRESSED$bPreliminary Record

