=LDR  01293 am a22003011u 4500
=001  016581834
=003  Uk
=005  20130620122625.0
=008  091201s1787\\\\|||||||||||||\||||||ara|d
=040  \\$auk$beng$cNL-LeKB
=041  \\$aara$afre$hund
=130  \\$6880-02$aSilsilat al-Tawārīkh.
=300  \\$ap. ;$ccm.
=336  \\$atext$2rdacontent
=337  \\$aunmediated$2rdamedia
=338  \\$avolume$2rdacarrier
=520  \\$aChaîne historique des Contrées, des Mers & des Poissons, avec un Traité sur la science de la sphère. Recueil de divers ouvrages, & particulièrement de deux voyages aux Indes & à la Chine, dans les neuvième et dixième siècles de J. C. [A notice] par M. de Guignes.
=580  \\$aIn: Notices et Extraits des Manuscrits, etc. tom. 1. Paris, Académie des Inscriptions et Belles-Lettres, 1787.
=700  1\$ade Guignes, M.$4ann
=852  41$aBritish Library$bOC$jBar.T.t.(tom.1.)
=880  \\$6130-02/r$aسلسلة التواريخ
=CAT  \\$aWR13_183$b00$c20131214$h1005$lBLL01
=CAT  \\$aBATCH$b00$c20131214$h1054$lBLL01
=CAT  \\$aWR13_183$c20140127$lBLL01$h2353
=FMT  \\$a  BK
=LAS  \\$aWR13_183$b00$c20140127$lBLL01$h2353
=SRC  \\$aBrill BABO$bBL_Printed_Works_Brill_20130702.mrc
=STA  \\$aSUPPRESSED$bPreliminary Record

