=LDR  01536 am a22004211u 4500
=001  016582083
=003  Uk
=005  20200626183302.0
=008  091201s1873\\\\pk\||||||||||\||||||ara|d
=040  \\$auk$beng$cNL-LeKB
=041  \\$aara$aper$hara
=130  \\$6880-02$aFihrist majmuʿah Qaṣāʾid
=264  \1$6880-07$aLahore.
=300  \\$a64 pages :$blith ;$c(8º)
=336  \\$atext$2rdacontent
=337  \\$aunmediated$2rdamedia
=338  \\$avolume$2rdacarrier
=520  \\$aA collection of religious Kasidahs and prayers, with Persian interlineary translations and prefaces.
=650  \4$aIslam.
=655  \7$2rbgenr$aPrayer books.
=752  \\$aPakistan$dLahore.
=852  41$aBritish Library$bOC$j14519.c.9.(1.)
=880  \\$6130-02/r$aفهرست مجموعه قصائد
=880  \\$6260-07/r$aلاهور [باكستان]
=985  \\$aCorrected by MS generated file for WR# 11/211
=985  \\$aCorrected by MS generated file for WR# 1805-0738
=CAT  \\$aWR13_183$b00$c20131214$h1005$lBLL01
=CAT  \\$aBATCH$b00$c20131214$h1054$lBLL01
=CAT  \\$aWR13_183$c20140127$lBLL01$h2353
=CAT  \\$aWR11_211$c20141028$lBLL01$h2038
=CAT  \\$aBLSS-CORR$b00$c20141028$lBLL01$h2042
=CAT  \\$a1805-0738$c20181228$lBLL01$h1836
=CAT  \\$a1805-0738$b00$c20181228$lBLL01$h1920
=CAT  \\$aW2001-2376$c20200626$lBLL01$h1833
=FMT  \\$a  BK
=LAS  \\$aW2001-2376$b00$c20200626$lBLL01$h1833
=SRC  \\$aBrill BABO$bBL_Printed_Works_Brill_20130702.mrc
=STA  \\$aSUPPRESSED$bPreliminary Record

