=LDR  01216 am a22003251u 4500
=001  016582363
=003  Uk
=005  20130620122626.0
=008  091201suuuu\\\\|||||||||||||\||||||hin|d
=040  \\$auk$beng$cNL-LeKB
=041  \\$ahin$hara
=130  0\$6880-02$aQurʾan.
=300  \\$ap. ;$ccm.
=336  \\$atext$2rdacontent
=337  \\$aunmediated$2rdamedia
=338  \\$avolume$2rdacarrier
=500  \\$aQurʾān. [Arabic Hindustani, and Persian.] قران مجيد دو ترجمه الخ [The Qurʾān with Persian and Hindustani translations, etc.] [1891, etc.] Fol.
=520  \\$aA Hindustani version of the Qurʾān, by Abu Muḥammad ʿAbd al-Ḥaqq.
=700  0\$aAbu Muḥammad ʿAbd al-Ḥaqq.$4trl
=852  41$aBritish Library$bOC$j14507.f.3.
=880  \\$6130-02/r$aقرآن
=CAT  \\$aWR13_183$b00$c20131214$h1005$lBLL01
=CAT  \\$aBATCH$b00$c20131214$h1054$lBLL01
=CAT  \\$aBATCH-UPD$b00$c20131214$h1111$lBLL01
=CAT  \\$aWR13_183$c20140127$lBLL01$h2353
=CAT  \\$aBATCH-UPD$b00$c20140128$lBLL01$h0129
=FMT  \\$a  BK
=LAS  \\$aBATCH-UPD$b00$c20140128$lBLL01$h0129
=SRC  \\$aBrill BABO$bBL_Printed_Works_Brill_20130702.mrc
=STA  \\$aSUPPRESSED$bPreliminary Record

