=LDR  01454 am a22003731u 4500
=001  016582609
=003  Uk
=005  20130620122626.0
=008  091201s1844\\\\ir\||||||||||\||||||ara|d
=040  \\$auk$beng$cNL-LeKB
=041  \\$aara$aper$hara
=130  0\$6880-02$aQurʾan.$kSelections.
=264  \1$6880-07$aTeheran.
=300  \\$a271 ff :$blith ;$c(8º)
=336  \\$atext$2rdacontent
=337  \\$aunmediated$2rdamedia
=338  \\$avolume$2rdacarrier
=340  \\$m8vo$2rdabf
=520  \\$aPersian translation of Surah 2 begins: بنام خداي... اين كتاب نيست شكي دارن راهنما برهیزكاران [The Qurʾān, with an anonymous Persian interlineary translation, and occasional notes on the margin in the same language.]
=752  \\$aIran$dTehran.
=852  41$aBritish Library$bOC$j14507.cc.2.
=880  \\$6130-02/r$aقرآن
=880  \\$6260-07/r$aطهران [إيران]
=985  \\$aCorrected by MS generated file for WR# 1805-0738
=CAT  \\$aWR13_183$b00$c20131214$h1005$lBLL01
=CAT  \\$aBATCH$b00$c20131214$h1054$lBLL01
=CAT  \\$aWR13_183$c20140127$lBLL01$h2353
=CAT  \\$aBATCH-UPD$b00$c20140817$lBLL01$h2035
=CAT  \\$a1805-0738$c20181228$lBLL01$h1836
=CAT  \\$a1805-0738$b00$c20181228$lBLL01$h1920
=FMT  \\$a  BK
=LAS  \\$a1805-0738$b00$c20181228$lBLL01$h1920
=SRC  \\$aBrill BABO$bBL_Printed_Works_Brill_20130702.mrc
=STA  \\$aSUPPRESSED$bPreliminary Record

