=LDR  01656 am a22004331u 4500
=001  016582633
=003  Uk
=005  20200626183310.0
=008  091201s1929\\\\ii\||||||||||\||||||ara|d
=040  \\$auk$beng$cNL-LeKB
=041  \\$aara
=130  \\$6880-02$aDurūs al-Balāghah.
=264  \1$6880-07$aDehli.
=300  \\$a178 pages :$blith ;$c(8º)
=336  \\$atext$2rdacontent
=337  \\$aunmediated$2rdamedia
=338  \\$avolume$2rdacarrier
=520  \\$aA handbook of rhetoric composed for students in al-Jāmiʿ al-Azhar. With a commentary styled Shumūs al-barāʿah by Muḥammad Faẓl Ḥaqq al-Rāmpūrī.
=650  \4$aRhetoric.
=655  \7$2rbgenr$aHandbooks.
=700  0\$aMuḥammad Faẓl Ḥaqq al-Rāmpūrī.$4cmm
=752  \\$aIndia$dDelhi.
=852  41$aBritish Library$bOC$j14597.e.31
=880  \\$6130-02/r$aدروس البلاغة مع شرح شموس البراعة
=880  \\$6260-07/r$aدهلى [الهند]
=985  \\$aCorrected by MS generated file for WR# 11/211
=985  \\$aCorrected by MS generated file for WR# 1805-0738
=CAT  \\$aWR13_183$b00$c20131214$h1005$lBLL01
=CAT  \\$aBATCH$b00$c20131214$h1054$lBLL01
=CAT  \\$aWR13_183$c20140127$lBLL01$h2353
=CAT  \\$aWR11_211$c20141028$lBLL01$h2038
=CAT  \\$aBLSS-CORR$b00$c20141028$lBLL01$h2042
=CAT  \\$a1805-0738$c20181228$lBLL01$h1836
=CAT  \\$a1805-0738$b00$c20181228$lBLL01$h1920
=CAT  \\$aW2001-2376$c20200626$lBLL01$h1833
=FMT  \\$a  BK
=LAS  \\$aW2001-2376$b00$c20200626$lBLL01$h1833
=SRC  \\$aBrill BABO$bBL_Printed_Works_Brill_20130702.mrc
=STA  \\$aSUPPRESSED$bPreliminary Record

