=LDR  01045 am a22003011u 4500
=001  016582761
=003  Uk
=005  20130620122627.0
=008  091201suuuu\\\\|||||||||||||\||||||ara|d
=040  \\$auk$beng$cNL-LeKB
=041  \\$aara
=130  \\$6880-02$aTaqwīm al-Lisān.
=300  \\$ap. ;$ccm.
=336  \\$atext$2rdacontent
=337  \\$aunmediated$2rdamedia
=338  \\$avolume$2rdacarrier
=500  \\$aSee Arabic grammar. هذا مجلد فيه تسعة كتب [A collection of nine tracts on Arabic grammar.] ff. 61-87. [1881.] 4º.
=520  \\$aAn anonymous compendium of Arabic syntax.
=650  \4$aGrammar, Arabic.
=852  41$aBritish Library$bOC$j14593.c.28.
=880  \\$6130-02/r$aتقويم اللسان
=CAT  \\$aWR13_183$b00$c20131214$h1005$lBLL01
=CAT  \\$aBATCH$b00$c20131214$h1054$lBLL01
=CAT  \\$aWR13_183$c20140127$lBLL01$h2353
=FMT  \\$a  BK
=LAS  \\$aWR13_183$b00$c20140127$lBLL01$h2353
=SRC  \\$aBrill BABO$bBL_Printed_Works_Brill_20130702.mrc
=STA  \\$aSUPPRESSED$bPreliminary Record

