=LDR  01146 am a22003011u 4500
=001  016582929
=003  Uk
=005  20130620122627.0
=008  091201suuuu\\\\|||||||||||||\||||||ara|d
=040  \\$auk$beng$cNL-LeKB
=041  \\$aara$alat$hara
=130  0\$6880-02$aQurʾan.$kSelections.
=300  \\$ap. ;$ccm.
=336  \\$atext$2rdacontent
=337  \\$aunmediated$2rdamedia
=338  \\$avolume$2rdacarrier
=500  \\$aSee Piedralaves (M. de). به درس فى النحو كله اللغة العربية Exercicios de toda la gramática arábigo-erudita, etc. pp. xviii. -xxix. 1804. 4º.
=520  \\$aSurah 1, followed by Surahs 109-114, each with a Latin translation and "scholium."
=852  41$aBritish Library$bOC$j621.1.25.(5.)
=880  \\$6130-02/r$aقرآن
=CAT  \\$aWR13_183$b00$c20131214$h1005$lBLL01
=CAT  \\$aBATCH$b00$c20131214$h1054$lBLL01
=CAT  \\$aWR13_183$c20140127$lBLL01$h2353
=CAT  \\$aBATCH-UPD$b00$c20140817$lBLL01$h2035
=FMT  \\$a  BK
=LAS  \\$aBATCH-UPD$b00$c20140817$lBLL01$h2035
=SRC  \\$aBrill BABO$bBL_Printed_Works_Brill_20130702.mrc
=STA  \\$aSUPPRESSED$bPreliminary Record

