=LDR  01815 am a22004091u 4500
=001  016582967
=003  Uk
=005  20200626183314.0
=008  091201s1865\\\\tu\||||||||||\||||||ara|d
=040  \\$auk$beng$cNL-LeKB
=041  \\$aara$atur$hara
=130  0\$6880-02$aQurʾan.
=264  \1$6880-07$aConstantinople.
=300  \\$a2 volumes ;$c(8º)
=336  \\$atext$2rdacontent
=337  \\$aunmediated$2rdamedia
=338  \\$avolume$2rdacarrier
=500  \\$aCorrigendum on Col. 986.
=520  \\$aKhawajkan diwan...خواجكان ديوان معلا اركاندن اسمعيل فرخ افندينك مواكب اسميله تسميه ايدليكي تفسير مواهب ترجمه سيدر [The Qurʾān, accompanied by a Turkish translation and commentary by Ismāʿīl Farrukh Effendi, together entitled Mavākib, founded upon the Persian commentary of Ḥusain Vāʿiẓ Kāshifī, entitled Mavāhib i ʿalīyah.]
=700  0\$aIsmāʿīl Farrukh Effendi.$4oth
=752  \\$aTurkey$dIstanbul.
=852  41$aBritish Library$bOC$j14509.b.17.
=880  \\$6130-02/r$aقرآن
=880  \\$6260-07/r$aالقسطنطينية [إسطمبول، تركيا]
=985  \\$aCorrected by MS generated file for WR# 1805-0738
=CAT  \\$aWR13_183$b00$c20131214$h1005$lBLL01
=CAT  \\$aBATCH$b00$c20131214$h1054$lBLL01
=CAT  \\$aBATCH-UPD$b00$c20131214$h1113$lBLL01
=CAT  \\$aWR13_183$c20140127$lBLL01$h2353
=CAT  \\$aBATCH-UPD$b00$c20140128$lBLL01$h0132
=CAT  \\$a1805-0738$c20181228$lBLL01$h1836
=CAT  \\$a1805-0738$b00$c20181228$lBLL01$h1920
=CAT  \\$aW2001-2376$c20200626$lBLL01$h1833
=FMT  \\$a  BK
=LAS  \\$aW2001-2376$b00$c20200626$lBLL01$h1833
=SRC  \\$aBrill BABO$bBL_Printed_Works_Brill_20130702.mrc
=STA  \\$aSUPPRESSED$bPreliminary Record

=LDR  01551 am a2200469za 4500
=001  017707755
=003  Uk
=005  20151211000000.0
=008  151105s2015\\\\enk\\\\\\\\\\\000\0\eng\d
=020  \\$a9781782627203 (hbk.) :$c£300.00
=020  \\$a1782627200 (hbk.) :$c£300.00
=040  \\$aUK-WkNB$beng$cUK-WkNB
=260  \\$aCambridge :$bRoyal Society of Chemistry :$b[distributor] Marston Book Services Ltd :$b[distributor] CoInfo Book Services :$b[distributor] Juta & Company Ltd,$c2015.
=300  \\$a840 p. ;$c23x16 cm.
=366  \\$b20151128$cIP 20151127$fARSOC01$jGB$kxxk$mMarston Book Services Ltd$2UK-WkNB
=500  \\$aHardback.
=700  1\$aShahinpoor, Mohsen.
=700  1\$aSchneider, Hans-Jorg.
=700  1\$aOh, Il-Kwon.
=700  1\$aPorfiri, Maurizio.
=700  1\$aKim, Kwang J.
=700  1\$aJohanson, Urmas.
=700  1\$aVunder, Veiko.
=700  1\$aCosta Branco, P. J.
=700  1\$aTan, Xiaobo.
=700  1\$aLeang, Kam.
=700  1\$aLumia, Ron.
=700  1\$aTakagi, Kentaro.
=700  1\$aPeterson, Sean.
=700  1\$aAw, Kean.
=700  1\$aGraziani, Salvatore.
=700  1\$aFeng, Guo-Hua.
=700  1\$aMichopoulos, J.
=700  1\$aBahramzadeh, Y.
=CAT  \\$aBATCH-CMLD$b00$c20160116$lBLL01$h1735
=CAT  \\$aBATCH-UPD$b00$c20160116$lBLL01$h1735
=CAT  \\$aWR16_021$c20160720$lBLL01$h1707
=CAT  \\$aBATCH-016$c20170430$lBLL01$h1642
=CAT  \\$aW1706-0374$c20170608$lBLL01$h1744
=FMT  \\$a  BK
=LAS  \\$aW1706-0374$b00$c20170608$lBLL01$h1744
=SRC  \\$aNielsen Bookdata

