=LDR  01379 am a22003732i 4500
=001  019240391
=003  Uk
=005  20190204133415.0
=008  181009s1978\\\\mauh||||||||||||||||eng\\
=040  \\$aUk$beng$cUk
=041  \\$aeng$asam
=042  \\$aukblproject
=100  1\$aAnderson, Robert T.,$d1928-$eauthor.
=264  \1$6880-05$a[Massachusetts] :$b[publisher not identified],$c©1978.
=300  \\$aix, 99 pages :$bfacsimiles ;$c28 cm
=336  \\$atext$2rdacontent
=337  \\$aunmediated$2rdamedia
=338  \\$avolume$2rdacarrier
=500  \\$aIncludes bibliographical references (pages 95-99).
=546  \\$aEnglish and Samaritan.
=600  10$aWarren, Edward K.,$d1847-1919$xLibrary$vCatalogs.
=600  10$aChamberlain, Frederic W.$xLibrary$vCatalogs.
=650  \0$aManuscripts, Samaritan$zMichigan.$zEast Lansing$vCatalogs.
=710  2\$aMichigan State University. Museum.
=852  41$aBritish Library$bOC$j01927.aaa.17
=884  \\$aTSV to MARC transformation$g20190204$qUk
=985  \\$aLoaded by Collection Metadata-generated file for WR# 1811-1158
=CAT  \\$aBATCH-SS$b00$c20190204$lBLL01$h1334
=CAT  \\$aBATCH-UPD$b00$c20190204$lBLL01$h1335
=CAT  \\$aBATCH$b00$c20190204$lBLL01$h1336
=FIN  \\$aY$d20190204
=FMT  \\$a  BK
=LAS  \\$aBATCH$b00$c20190204$lBLL01$h1336
=SRC  \\$aSpreadsheet system 2018$bHebrewCard_Catalogue.lex

=LDR  01365 am a22003612i 4500
=001  019240392
=003  Uk
=005  20190204133415.0
=008  181009s1981\\\\gw\|||||||||||||||||ger\\
=040  \\$aUk$beng$cUk
=041  \\$ager$aheb
=042  \\$aukblproject
=246  3\$6880-03$aSinopsis le-sifrut ha-hekhalot
=264  \1$6880-05$a[Germany] :$b[publisher not identified],$c1981.
=300  \\$axxv, 299 pages ;$c32 cm
=336  \\$atext$2rdacontent
=337  \\$aunmediated$2rdamedia
=338  \\$avolume$2rdacarrier
=500  \\$aText in Hebrew, introductory material in German. Includes bibliographical references (pages vi-viii).
=546  \\$aText in Hebrew, introductory material in German.
=630  00$aHebrew book of Enoch$xManuscripts.
=630  07$aHebrew book of Enoch.$2fast$0(OCoLC)fst01357785
=650  \7$aCabala.$2fast$0(OCoLC)fst00843481
=852  41$aBritish Library$bOC$j01967.dd.12
=880  3\$6246-03$aסינופסיס לספרות ההיכלות
=884  \\$aTSV to MARC transformation$g20190204$qUk
=985  \\$aLoaded by Collection Metadata-generated file for WR# 1811-1158
=CAT  \\$aBATCH-SS$b00$c20190204$lBLL01$h1334
=CAT  \\$aBATCH$b00$c20190204$lBLL01$h1336
=FIN  \\$aY$d20190204
=FMT  \\$a  BK
=LAS  \\$aBATCH$b00$c20190204$lBLL01$h1336
=SRC  \\$aSpreadsheet system 2018$bHebrewCard_Catalogue.lex

