=LDR  01258 am a22003492i 4500
=001  019240462
=003  Uk
=005  20190204133424.0
=008  181009s1982\\\\is\ach||||||||||||||fre\\
=040  \\$aUk$beng$cUk
=042  \\$aukblproject
=100  1\$aTolédano, Joseph,$eauthor.
=264  \1$a[Israel] :$bRamtol,$c1982.
=300  \\$a375 pages :$billustrations, facsimile, portrait ;$c31 cm
=336  \\$atext$2rdacontent
=337  \\$aunmediated$2rdamedia
=338  \\$avolume$2rdacarrier
=500  \\$aIncludes bibliographical references (page 374).
=650  \7$aEthnic relations.$2fast$0(OCoLC)fst00916005
=650  \7$aJews.$2fast$0(OCoLC)fst00983135
=651  \7$aMorocco$zMeknès.$2fast$0(OCoLC)fst01208880
=655  \7$aHistory.$2fast$0(OCoLC)fst01411628
=852  41$aBritish Library$bOC$jHEC.1986.a.1523
=884  \\$aTSV to MARC transformation$g20190204$qUk
=985  \\$aLoaded by Collection Metadata-generated file for WR# 1811-1158
=CAT  \\$aBATCH-SS$b00$c20190204$lBLL01$h1334
=CAT  \\$aBATCH-UPD$b00$c20190204$lBLL01$h1335
=CAT  \\$aBATCH$b00$c20190204$lBLL01$h1336
=FIN  \\$aY$d20190204
=FMT  \\$a  BK
=LAS  \\$aBATCH$b00$c20190204$lBLL01$h1336
=SRC  \\$aSpreadsheet system 2018$bHebrewCard_Catalogue.lex

