=LDR  00989 am a22002892i 4500
=001  019240480
=003  Uk
=005  20190204133427.0
=008  181009s1973\\\\mdua||||||||||||||||eng\\
=040  \\$aUk$beng$cUk
=042  \\$aukblproject
=100  1\$aMendenhall, George E.,$eauthor.
=264  \1$6880-05$a[Maryland] :$b[publisher not identified],$cc1973.
=300  \\$axviii, 248 pages :$billustrations ;$c23 cm
=336  \\$atext$2rdacontent
=337  \\$aunmediated$2rdamedia
=338  \\$avolume$2rdacarrier
=650  \7$aTheology.$2fast$0(OCoLC)fst01149559
=852  41$aBritish Library$bOC$j01904.dd.70
=884  \\$aTSV to MARC transformation$g20190204$qUk
=985  \\$aLoaded by Collection Metadata-generated file for WR# 1811-1158
=CAT  \\$aBATCH-SS$b00$c20190204$lBLL01$h1334
=CAT  \\$aBATCH$b00$c20190204$lBLL01$h1336
=FIN  \\$aY$d20190204
=FMT  \\$a  BK
=LAS  \\$aBATCH$b00$c20190204$lBLL01$h1336
=SRC  \\$aSpreadsheet system 2018$bHebrewCard_Catalogue.lex

=LDR  02425 am a2200517zi 4500
=001  019587513
=003  Uk
=005  20191030215208.0
=008  180213s2019\\\\enk\\\\\\\\\\\000\0\eng\d
=020  \\$a9780750317573 (hbk.) :$c£99.00
=020  \\$a0750317574 (hbk.) :$c£99.00
=040  \\$aUK-WkNB$beng$cUK-WkNB$erda
=264  \1$aBristol :$bInstitute of Physics Publishing,$c2019.
=264  \2$aGB :$bNBN International Ltd
=264  \2$aAU :$bNBN International Ltd
=264  \2$aUS :$bNBN International Ltd
=300  \\$a350 pages :$bColour and black and white ;$c25x18 cm
=366  \\$b20190930$cIP 20190924$d20190908$jGB$kxxk$2UK-WkNB
=500  \\$aHardback.
=500  \\$aNo outer packaging.
=700  1\$aSaba, Luca,$eeditor.
=700  1\$aSuri, Jasjit,$eeditor.
=700  1\$aEl-Baz, Ayman,$eeditor.
=700  1\$aLeonardi, Andrea,$cDr,$ewriter of supplementary textual content.
=700  1\$aAndrani, Fabrizio,$cDr,$ewriter of supplementary textual content.
=700  1\$aPalla, Carola,$cDr,$ewriter of supplementary textual content.
=700  1\$aSanna, Arianna,$cDr,$ewriter of supplementary textual content.
=700  1\$aAnzidei, Michele,$cProfessor,$ewriter of supplementary textual content.
=700  1\$aPorcu, Michele,$cDr,$ewriter of supplementary textual content.
=700  1\$aBalestrieri, Antonella,$cDr,$ewriter of supplementary textual content.
=700  1\$aGarofano, Paolo,$cDr,$ewriter of supplementary textual content.
=700  1\$aBarberini, Luigi,$cDr,$ewriter of supplementary textual content.
=700  1\$aSiotto, Paolo,$cDr,$ewriter of supplementary textual content.
=700  1\$aGrist, James T,$cDr,$ewriter of supplementary textual content.
=700  1\$aRiemer, Frank,$cDr,$ewriter of supplementary textual content.
=700  1\$aMatys, Tomasz,$cDr,$ewriter of supplementary textual content.
=700  1\$aSlough, Rhys,$cDr,$ewriter of supplementary textual content.
=700  1\$aZaccagna, Fulvio,$cDr,$ewriter of supplementary textual content.
=700  1\$aCorrias, Giuseppe,$cDr,$ewriter of supplementary textual content.
=700  1\$aCoghe, Gian Carlo,$cDr,$ewriter of supplementary textual content.
=CAT  \\$aBATCH-CMLD$b00$c20191026$lBLL01$h1735
=CAT  \\$aBATCH-UPD$b00$c20191026$lBLL01$h1738
=CAT  \\$aBATCH-016$c20191030$lBLL01$h2152
=FMT  \\$a  BK
=LAS  \\$aBATCH-016$b00$c20191030$lBLL01$h2152
=SRC  \\$aNielsen Bookdata

=LDR  00720 am a2200229zi 4500
=001  019621678
=003  Uk
=005  20191127215233.0
=008  191022s2019\\\\enk\\\\\\\\\\\000\0\eng\d
=020  \\$a9780995681262 (pbk.)
=020  \\$a0995681260 (pbk.)
=040  \\$aUK-WkNB$beng$cUK-WkNB$erda
=264  \1$aLondon :$bGoftman Publication Ltd,$c2019.
=264  \2$aGB :$bGoftman Publication Ltd
=366  \\$b20191001$cIB 20191022$jGB$kxxk$2UK-WkNB
=500  \\$aPaperback / softback.
=CAT  \\$aBATCH-CMLD$b00$c20191123$lBLL01$h1735
=CAT  \\$aBATCH-UPD$b00$c20191123$lBLL01$h1735
=CAT  \\$aBATCH-016$c20191127$lBLL01$h2152
=FMT  \\$a  BK
=LAS  \\$aBATCH-016$b00$c20191127$lBLL01$h2152
=SRC  \\$aNielsen Bookdata

