=LDR  00844 am a2200265zi 4500
=001  019652628
=003  Uk
=005  20191225214957.0
=008  191114s2019\\\\enk\\\\\\\\\\\000\0\eng\d
=020  \\$a9789948368106 (pbk.) :$c£45.00
=020  \\$a994836810X (pbk.) :$c£45.00
=040  \\$aUK-WkNB$beng$cUK-WkNB$erda
=082  04$aJF
=100  1\$aAlbahrani, Zainab Ali,$eauthor.
=264  \1$aLondon :$bAustin Macauley Publishers,$c2019.
=264  \2$aGB :$bGardners Books Ltd
=300  \\$a30 pages ;$c23x16 cm
=366  \\$b20191031$cIP 20191114$jGB$kxxk$2UK-WkNB
=500  \\$aPaperback / softback.
=CAT  \\$aBATCH-CMLD$b00$c20191221$lBLL01$h1735
=CAT  \\$aBATCH-UPD$b00$c20191221$lBLL01$h1736
=CAT  \\$aBATCH-016$c20191225$lBLL01$h2149
=FMT  \\$a  BK
=LAS  \\$aBATCH-016$b00$c20191225$lBLL01$h2149
=SRC  \\$aNielsen Bookdata

