=LDR  00821 am a2200253zi 4500
=001  019662611
=003  Uk
=005  20200108215128.0
=008  191107s2019\\\\enk\\\\\\\\\\\000\0\eng\d
=020  \\$a9789948366744 (pbk.) :$c£55.00
=020  \\$a9948366743 (pbk.) :$c£55.00
=040  \\$aUK-WkNB$beng$cUK-WkNB$erda
=100  1\$aJaumont, Fabrice,$eauthor.
=264  \1$aLondon :$bAustin Macauley Publishers,$c2019.
=264  \2$aGB :$bGardners Books Ltd
=300  \\$a262 pages ;$c23x16 cm
=366  \\$b20191031$cIP 20191113$jGB$kxxk$2UK-WkNB
=500  \\$aPaperback / softback.
=CAT  \\$aBATCH-CMLD$b00$c20200104$lBLL01$h1736
=CAT  \\$aBATCH-UPD$b00$c20200104$lBLL01$h1740
=CAT  \\$aBATCH-016$c20200108$lBLL01$h2151
=FMT  \\$a  BK
=LAS  \\$aBATCH-016$b00$c20200108$lBLL01$h2151
=SRC  \\$aNielsen Bookdata

