=LDR  00855 am a2200265zi 4500
=001  020031657
=003  Uk
=005  20201209221420.0
=008  201030s2020\\\\enk\\\\\\\\\\\000\0\eng\d
=020  \\$a9781913258139 (hbk.) :$c£17.95
=020  \\$a1913258130 (hbk.) :$c£17.95
=040  \\$aUK-WkNB$beng$cUK-WkNB$erda
=100  1\$aAl-Yaqoubi, Shaykh Muhammad,$eauthor.
=264  \1$bSIGNATORA LTD,$c2020.
=264  \2$aGB :$bSIGNATORA LTD
=300  \\$a112 pages ;$c21x11 cm
=366  \\$b20201031$cIP 20201102$d20201031$jGB$kxxk$2UK-WkNB
=500  \\$aHardback.
=CAT  \\$aBATCH-CMLD$b00$c20201205$lBLL01$h1736
=CAT  \\$aBATCH-UPD$b00$c20201205$lBLL01$h1737
=CAT  \\$aBATCH-016$c20201209$lBLL01$h2214
=CAT  \\$aBATCH-UPD$b00$c20210304$lBLL01$h1253
=FMT  \\$a  BK
=LAS  \\$aBATCH-UPD$b00$c20210304$lBLL01$h1253
=SRC  \\$aNielsen Bookdata

=LDR  00744 am a2200229zi 4500
=001  020287692
=003  Uk
=005  20210811215525.0
=008  181231s2020\\\\enk\\\\\\\\\\\000\0\eng\d
=020  \\$a9781913205010 (hbk.) :$c£6.00
=020  \\$a1913205010 (hbk.) :$c£6.00
=040  \\$aUK-WkNB$beng$cUK-WkNB$erda
=264  \1$bDiar Publishers LTD,$c2020.
=264  \2$aGB :$bDiar Publishers LTD,$c[date of distribution not identified]
=300  \\$a3079 pages ;$c2x2 cm
=366  \\$b20200131$cIP 20200201$d20200131$jGB$kxxk$2UK-WkNB
=500  \\$aHardback.
=CAT  \\$aBATCH-CMLD$b00$c20210807$lBLL01$h1720
=CAT  \\$aBATCH-016$c20210811$lBLL01$h2155
=FMT  \\$a  BK
=LAS  \\$aBATCH-016$b00$c20210811$lBLL01$h2155
=SRC  \\$aNielsen Bookdata

