=LDR  00774 am a2200241zi 4500
=001  020346733
=003  Uk
=005  20211006215216.0
=008  210823s2021\\\\enk\\\\\\\\\\\000\0\eng\d
=020  \\$6.99$a9781914550102 :
=020  \\$6.99$a1914550102 :
=040  \\$aUK-WkNB$beng$cUK-WkNB$erda
=100  1\$aZhao, Lingyun,$eauthor.
=264  \1$bPERGAMON PRESS LTD,$c2021.
=264  \2$aGB :$bPERGAMON PRESS LTD,$c[date of distribution not identified]
=366  \\$b20210831$cIP 20210831$d20210829$jGB$kxxk$2UK-WkNB
=500  \\$aBook.
=CAT  \\$aBATCH-CMLD$b00$c20211002$lBLL01$h1720
=CAT  \\$aBATCH-UPD$b00$c20211002$lBLL01$h1721
=CAT  \\$aBATCH-016$c20211006$lBLL01$h2152
=FMT  \\$a  BK
=LAS  \\$aBATCH-016$b00$c20211006$lBLL01$h2152
=SRC  \\$aNielsen Bookdata

