=LDR  00772 am a2200241zi 4500
=001  020346738
=003  Uk
=005  20211006215216.0
=008  210823s2021\\\\enk\\\\\\\\\\\000\0\eng\d
=020  \\$6.99$a9781914550157 :
=020  \\$6.99$a1914550153 :
=040  \\$aUK-WkNB$beng$cUK-WkNB$erda
=100  1\$aZhong, Yong,$eauthor.
=264  \1$bPERGAMON PRESS LTD,$c2021.
=264  \2$aGB :$bPERGAMON PRESS LTD,$c[date of distribution not identified]
=366  \\$b20210831$cIP 20210831$d20210830$jGB$kxxk$2UK-WkNB
=500  \\$aBook.
=CAT  \\$aBATCH-CMLD$b00$c20211002$lBLL01$h1720
=CAT  \\$aBATCH-UPD$b00$c20211002$lBLL01$h1721
=CAT  \\$aBATCH-016$c20211006$lBLL01$h2152
=FMT  \\$a  BK
=LAS  \\$aBATCH-016$b00$c20211006$lBLL01$h2152
=SRC  \\$aNielsen Bookdata

=LDR  02563 am a2200529zi 4500
=001  020354046
=003  Uk
=005  20211013215135.0
=008  201211s2020\\\\enk\\\\\\\\\\\000\0\eng\d
=020  \\$a9781138417748 (hbk.) :$c£100.00
=020  \\$a1138417742 (hbk.) :$c£100.00
=040  \\$aUK-WkNB$beng$cUK-WkNB$erda
=082  04$a515.782$223
=264  \1$aLondon :$bRoutledge,$c2020.
=264  \2$aGB :$bTaylor & Francis, c/o Bookpoint,$c[date of distribution not identified]
=264  \2$aAU :$bXL Express (Logistics) Pty Ltd, formerly TL Distribution Pty Ltd,$c[date of distribution not identified]
=264  \2$aNZ :$bXL Express (Logistics) Pty Ltd, formerly TL Distribution Pty Ltd,$c[date of distribution not identified]
=264  \2$aZA :$bJonathan Ball Publishers SA,$c[date of distribution not identified]
=300  \\$c23x15 cm
=366  \\$b20201218$cMD 20201214$jGB$kxxk$2UK-WkNB
=500  \\$aHardback. Sewn. Cloth over boards.
=700  1\$aOberguggenberger, Michael,$d1953-$eeditor.
=700  1\$aOlver, Peter J.,$ewriter of supplementary textual content.
=700  1\$aGrosser, Michael,$eeditor.
=700  1\$aAntonevich, A B,$ewriter of supplementary textual content.
=700  1\$aKunzinger, Michael,$eeditor.
=700  1\$aPilipovic, S,$ewriter of supplementary textual content.
=700  1\$aHormann, Gunther,$eeditor.
=700  1\$aScarpalézos, D.,$ewriter of supplementary textual content.
=700  1\$aBalasin, Herbert,$ewriter of supplementary textual content.
=700  1\$aBiagioni, Hebe,$ewriter of supplementary textual content.
=700  1\$aBona, Jerry,$ewriter of supplementary textual content.
=700  1\$aAngulo, J,$ewriter of supplementary textual content.
=700  1\$aLinares, F,$ewriter of supplementary textual content.
=700  1\$aBressan, Alberto,$ewriter of supplementary textual content.
=700  1\$aLewicka, Marta,$ewriter of supplementary textual content.
=700  1\$aDelcroix, Antoine,$ewriter of supplementary textual content.
=700  1\$aGramchev, Todor,$ewriter of supplementary textual content.
=700  1\$aGuès, Olivier,$ewriter of supplementary textual content.
=700  1\$aHolden, Helge,$ewriter of supplementary textual content.
=700  1\$aKeyfitz, Barbara,$ewriter of supplementary textual content.
=CAT  \\$aBATCH-CMLD$b00$c20211009$lBLL01$h1720
=CAT  \\$aBATCH-UPD$b00$c20211009$lBLL01$h1720
=CAT  \\$aBATCH-016$c20211013$lBLL01$h2151
=FMT  \\$a  BK
=LAS  \\$aBATCH-016$b00$c20211013$lBLL01$h2151
=SRC  \\$aNielsen Bookdata

=LDR  00830 am a2200253zi 4500
=001  020361112
=003  Uk
=005  20211020215020.0
=008  210909s2021\\\\enk\\\\\\\\\\\000\0\eng\d
=020  \\$a9781838452100 (pbk.) :$c£15.00
=020  \\$a1838452109 (pbk.) :$c£15.00
=040  \\$aUK-WkNB$beng$cUK-WkNB$erda
=082  04$aAF
=264  \1$bRoot Cause Arts,$c2021.
=264  \2$aGB :$bRoot Cause Arts,$c[date of distribution not identified]
=366  \\$b20210910$cIP 20210911$d20210910$jGB$kxxk$2UK-WkNB
=500  \\$aPaperback / softback.
=700  1\$aKyriakou, Kyriakos,$eeditor.
=CAT  \\$aBATCH-CMLD$b00$c20211016$lBLL01$h1720
=CAT  \\$aBATCH-UPD$b00$c20211016$lBLL01$h1720
=CAT  \\$aBATCH-016$c20211020$lBLL01$h2150
=FMT  \\$a  BK
=LAS  \\$aBATCH-016$b00$c20211020$lBLL01$h2150
=SRC  \\$aNielsen Bookdata

