=LDR  00769cam a2200241zi 4500
=001  020415701
=003  Uk
=005  20211208215244.0
=008  211101s2021\\\\enk\\\\\\\\\\\000\0\eng\d
=020  \\$6.99$a9781914550164 :
=020  \\$6.99$a1914550161 :
=040  \\$aUK-WkNB$beng$cUK-WkNB$erda
=100  1\$aYang, Yi,$eauthor.
=264  \1$bPERGAMON PRESS LTD,$c2021.
=264  \2$aGB :$bPERGAMON PRESS LTD,$c[date of distribution not identified]
=366  \\$b20211102$cIP 20211102$d20211101$jGB$kxxk$2UK-WkNB
=500  \\$aBook.
=CAT  \\$aBATCH-CMLD$b00$c20211204$lBLL01$h1720
=CAT  \\$aBATCH-UPD$b00$c20211204$lBLL01$h1721
=CAT  \\$aBATCH-016$c20211208$lBLL01$h2152
=FMT  \\$a  BK
=LAS  \\$aBATCH-016$b00$c20211208$lBLL01$h2152
=SRC  \\$aNielsen Bookdata

=LDR  00681cam a2200217zi 4500
=001  020436894
=003  Uk
=005  20220105215016.0
=008  211119s2021\\\\enk\\\\\\\\\\\000\0\eng\d
=020  \\$6.99$a9781914550171 :
=020  \\$6.99$a191455017X :
=040  \\$aUK-WkNB$beng$cUK-WkNB$erda
=264  \1$bPERGAMON PRESS LTD,$c2021.
=264  \2$aGB :$bPERGAMON PRESS LTD,$c[date of distribution not identified]
=366  \\$b20211130$cIP 20211130$d20211129$jGB$kxxk$2UK-WkNB
=500  \\$aBook.
=CAT  \\$aBATCH-CMLD$b00$c20220101$lBLL01$h1720
=CAT  \\$aBATCH-016$c20220105$lBLL01$h2150
=FMT  \\$a  BK
=LAS  \\$aBATCH-016$b00$c20220105$lBLL01$h2150
=SRC  \\$aNielsen Bookdata

