=LDR  00808cam a2200253zi 4500
=001  020492808
=003  Uk
=005  20220223215404.0
=008  220116s2021\\\\enk\\\\\\\\\\\000\0\eng\d
=020  \\$a9781914165115 (pbk.) :$c£20.00
=020  \\$a191416511X (pbk.) :$c£20.00
=040  \\$aUK-WkNB$beng$cUK-WkNB$erda
=082  04$aAF
=100  1\$aRahimian, Shahram,$eauthor.
=264  \1$bMehri Publication,$c2021.
=264  \2$aGB :$bMehri Publication,$c[date of distribution not identified]
=300  \\$a347 pages ;$c20x13 cm
=366  \\$b20210526$cIP 20220116$jGB$kxxk$2UK-WkNB
=500  \\$aPaperback / softback.
=CAT  \\$aBATCH-CMLD$b00$c20220219$lBLL01$h1720
=CAT  \\$aBATCH-016$c20220223$lBLL01$h2154
=FMT  \\$a  BK
=LAS  \\$aBATCH-016$b00$c20220223$lBLL01$h2154
=SRC  \\$aNielsen Bookdata

