=LDR  00800cam a2200241zi 4500
=001  020492810
=003  Uk
=005  20220223215404.0
=008  220115s2021\\\\enk\\\\\\\\\\\000\0\eng\d
=020  \\$a9781914165399 (hbk.) :$c£39.99
=020  \\$a191416539X (hbk.) :$c£39.99
=040  \\$aUK-WkNB$beng$cUK-WkNB$erda
=100  1\$aAmanat, Abbas,$eauthor.
=264  \1$bMehri Publication,$c2021.
=264  \2$aGB :$bMehri Publication,$c[date of distribution not identified]
=300  \\$a342 pages :$b14 colour illustrations ;$c23x15 cm
=366  \\$b20210526$cIP 20220115$jGB$kxxk$2UK-WkNB
=500  \\$aHardback.
=CAT  \\$aBATCH-CMLD$b00$c20220219$lBLL01$h1720
=CAT  \\$aBATCH-016$c20220223$lBLL01$h2154
=FMT  \\$a  BK
=LAS  \\$aBATCH-016$b00$c20220223$lBLL01$h2154
=SRC  \\$aNielsen Bookdata

