=LDR  00803cam a2200253zi 4500
=001  020492812
=003  Uk
=005  20220223215404.0
=008  220115s2021\\\\enk\\\\\\\\\\\000\0\eng\d
=020  \\$a9781914165573 (pbk.) :$c£8.00
=020  \\$a1914165578 (pbk.) :$c£8.00
=040  \\$aUK-WkNB$beng$cUK-WkNB$erda
=082  04$aAF
=100  1\$aDavachi, Azadeh,$eauthor.
=264  \1$bMehri Publication,$c2021.
=264  \2$aGB :$bMehri Publication,$c[date of distribution not identified]
=300  \\$a82 pages ;$c20x13 cm
=366  \\$b20210224$cIP 20220115$jGB$kxxk$2UK-WkNB
=500  \\$aPaperback / softback.
=CAT  \\$aBATCH-CMLD$b00$c20220219$lBLL01$h1720
=CAT  \\$aBATCH-016$c20220223$lBLL01$h2154
=FMT  \\$a  BK
=LAS  \\$aBATCH-016$b00$c20220223$lBLL01$h2154
=SRC  \\$aNielsen Bookdata

