=LDR  00806cam a2200253zi 4500
=001  020492817
=003  Uk
=005  20220223215404.0
=008  220113s2021\\\\enk\\\\\\\\\\\000\0\eng\d
=020  \\$a9781914165672 (pbk.) :$c£14.00
=020  \\$a1914165675 (pbk.) :$c£14.00
=040  \\$aUK-WkNB$beng$cUK-WkNB$erda
=082  04$aAF
=100  1\$aMonadi, Anooshe,$eauthor.
=264  \1$bMehri Publication,$c2021.
=264  \2$aGB :$bMehri Publication,$c[date of distribution not identified]
=300  \\$a196 pages ;$c13x20 cm
=366  \\$b20210118$cIP 20220113$jGB$kxxk$2UK-WkNB
=500  \\$aPaperback / softback.
=CAT  \\$aBATCH-CMLD$b00$c20220219$lBLL01$h1720
=CAT  \\$aBATCH-016$c20220223$lBLL01$h2154
=FMT  \\$a  BK
=LAS  \\$aBATCH-016$b00$c20220223$lBLL01$h2154
=SRC  \\$aNielsen Bookdata

=LDR  00760cam a2200241zi 4500
=001  020530790
=003  Uk
=005  20220330215047.0
=008  220322s2022\\\\enk\\\\\\\\\\\000\0\eng\d
=020  \\$a9781913291617 (pbk.) :$c£6.99
=020  \\$a1913291618 (pbk.) :$c£6.99
=040  \\$aUK-WkNB$beng$cUK-WkNB$erda
=264  \1$aYarnton :$bAL MANHAL PRESS LIMITED,$c2022.
=300  \\$a27 pages.
=366  \\$b20220122$cIP 20220322$jGB$kxxk$2UK-WkNB
=500  \\$aPaperback / softback.
=700  1\$aAlmanhal,$etranslator.
=CAT  \\$aBATCH-CMLD$b00$c20220326$lBLL01$h1720
=CAT  \\$aBATCH-UPD$b00$c20220326$lBLL01$h1720
=CAT  \\$aBATCH-016$c20220330$lBLL01$h2150
=FMT  \\$a  BK
=LAS  \\$aBATCH-016$b00$c20220330$lBLL01$h2150
=SRC  \\$aNielsen Bookdata

=LDR  00760cam a2200241zi 4500
=001  020530791
=003  Uk
=005  20220330215047.0
=008  220322s2022\\\\enk\\\\\\\\\\\000\0\eng\d
=020  \\$a9781913291624 (pbk.) :$c£6.99
=020  \\$a1913291626 (pbk.) :$c£6.99
=040  \\$aUK-WkNB$beng$cUK-WkNB$erda
=264  \1$aYarnton :$bAL MANHAL PRESS LIMITED,$c2022.
=300  \\$a27 pages.
=366  \\$b20220122$cIP 20220322$jGB$kxxk$2UK-WkNB
=500  \\$aPaperback / softback.
=700  1\$aAlmanhal,$etranslator.
=CAT  \\$aBATCH-CMLD$b00$c20220326$lBLL01$h1720
=CAT  \\$aBATCH-UPD$b00$c20220326$lBLL01$h1720
=CAT  \\$aBATCH-016$c20220330$lBLL01$h2150
=FMT  \\$a  BK
=LAS  \\$aBATCH-016$b00$c20220330$lBLL01$h2150
=SRC  \\$aNielsen Bookdata

=LDR  00760cam a2200241zi 4500
=001  020530792
=003  Uk
=005  20220330215047.0
=008  220322s2022\\\\enk\\\\\\\\\\\000\0\eng\d
=020  \\$a9781913291648 (pbk.) :$c£6.99
=020  \\$a1913291642 (pbk.) :$c£6.99
=040  \\$aUK-WkNB$beng$cUK-WkNB$erda
=264  \1$aYarnton :$bAL MANHAL PRESS LIMITED,$c2022.
=300  \\$a16 pages.
=366  \\$b20220122$cIP 20220322$jGB$kxxk$2UK-WkNB
=500  \\$aPaperback / softback.
=700  1\$aAlmanhal,$etranslator.
=CAT  \\$aBATCH-CMLD$b00$c20220326$lBLL01$h1720
=CAT  \\$aBATCH-UPD$b00$c20220326$lBLL01$h1720
=CAT  \\$aBATCH-016$c20220330$lBLL01$h2150
=FMT  \\$a  BK
=LAS  \\$aBATCH-016$b00$c20220330$lBLL01$h2150
=SRC  \\$aNielsen Bookdata

=LDR  00760cam a2200241zi 4500
=001  020530793
=003  Uk
=005  20220330215047.0
=008  220322s2022\\\\enk\\\\\\\\\\\000\0\eng\d
=020  \\$a9781913291655 (pbk.) :$c£6.99
=020  \\$a1913291650 (pbk.) :$c£6.99
=040  \\$aUK-WkNB$beng$cUK-WkNB$erda
=264  \1$aYarnton :$bAL MANHAL PRESS LIMITED,$c2022.
=300  \\$a16 pages.
=366  \\$b20220122$cIP 20220322$jGB$kxxk$2UK-WkNB
=500  \\$aPaperback / softback.
=700  1\$aAlmanhal,$etranslator.
=CAT  \\$aBATCH-CMLD$b00$c20220326$lBLL01$h1720
=CAT  \\$aBATCH-UPD$b00$c20220326$lBLL01$h1720
=CAT  \\$aBATCH-016$c20220330$lBLL01$h2150
=FMT  \\$a  BK
=LAS  \\$aBATCH-016$b00$c20220330$lBLL01$h2150
=SRC  \\$aNielsen Bookdata

=LDR  00760cam a2200241zi 4500
=001  020530794
=003  Uk
=005  20220330215047.0
=008  220322s2022\\\\enk\\\\\\\\\\\000\0\eng\d
=020  \\$a9781913291662 (pbk.) :$c£6.99
=020  \\$a1913291669 (pbk.) :$c£6.99
=040  \\$aUK-WkNB$beng$cUK-WkNB$erda
=264  \1$aYarnton :$bAL MANHAL PRESS LIMITED,$c2022.
=300  \\$a16 pages.
=366  \\$b20220122$cIP 20220322$jGB$kxxk$2UK-WkNB
=500  \\$aPaperback / softback.
=700  1\$aAlmanhal,$etranslator.
=CAT  \\$aBATCH-CMLD$b00$c20220326$lBLL01$h1720
=CAT  \\$aBATCH-UPD$b00$c20220326$lBLL01$h1720
=CAT  \\$aBATCH-016$c20220330$lBLL01$h2150
=FMT  \\$a  BK
=LAS  \\$aBATCH-016$b00$c20220330$lBLL01$h2150
=SRC  \\$aNielsen Bookdata

=LDR  00760cam a2200241zi 4500
=001  020530795
=003  Uk
=005  20220330215047.0
=008  220322s2022\\\\enk\\\\\\\\\\\000\0\eng\d
=020  \\$a9781913291679 (pbk.) :$c£6.99
=020  \\$a1913291677 (pbk.) :$c£6.99
=040  \\$aUK-WkNB$beng$cUK-WkNB$erda
=264  \1$aYarnton :$bAL MANHAL PRESS LIMITED,$c2022.
=300  \\$a19 pages.
=366  \\$b20220122$cIP 20220322$jGB$kxxk$2UK-WkNB
=500  \\$aPaperback / softback.
=700  1\$aAlmanhal,$etranslator.
=CAT  \\$aBATCH-CMLD$b00$c20220326$lBLL01$h1720
=CAT  \\$aBATCH-UPD$b00$c20220326$lBLL01$h1720
=CAT  \\$aBATCH-016$c20220330$lBLL01$h2150
=FMT  \\$a  BK
=LAS  \\$aBATCH-016$b00$c20220330$lBLL01$h2150
=SRC  \\$aNielsen Bookdata

=LDR  00760cam a2200241zi 4500
=001  020530796
=003  Uk
=005  20220330215047.0
=008  220322s2022\\\\enk\\\\\\\\\\\000\0\eng\d
=020  \\$a9781913291860 (pbk.) :$c£6.99
=020  \\$a1913291863 (pbk.) :$c£6.99
=040  \\$aUK-WkNB$beng$cUK-WkNB$erda
=264  \1$aYarnton :$bAL MANHAL PRESS LIMITED,$c2022.
=300  \\$a27 pages.
=366  \\$b20220122$cIP 20220322$jGB$kxxk$2UK-WkNB
=500  \\$aPaperback / softback.
=700  1\$aAlmanhal,$etranslator.
=CAT  \\$aBATCH-CMLD$b00$c20220326$lBLL01$h1720
=CAT  \\$aBATCH-UPD$b00$c20220326$lBLL01$h1720
=CAT  \\$aBATCH-016$c20220330$lBLL01$h2150
=FMT  \\$a  BK
=LAS  \\$aBATCH-016$b00$c20220330$lBLL01$h2150
=SRC  \\$aNielsen Bookdata

