=LDR  00916cam a2200277zi 4500
=001  020650463
=003  Uk
=005  20220622215513.0
=008  220613s2022\\\\enk\\\\\\\\\\\000\0\eng\d
=020  \\$a9781915260000 (pbk.) :$c£34.99
=020  \\$a1915260000 (pbk.) :$c£34.99
=040  \\$aUK-WkNB$beng$cUK-WkNB$erda
=082  04$aAF
=100  1\$aWu, Boqian,$eauthor.
=264  \1$bTerra Mirabilis Publishing,$c2022.
=264  \2$aGB :$bTerra Mirabilis Publishing,$c[date of distribution not identified]
=300  \\$a466 pages ;$c21x15 cm
=366  \\$b20220207$cIP 20220613$jGB$kxxk$2UK-WkNB
=500  \\$aPaperback / softback.
=700  1\$aYang, Maggie,$eillustrator.
=CAT  \\$aBATCH-CMLD$b00$c20220618$lBLL01$h1720
=CAT  \\$aBATCH-UPD$b00$c20220618$lBLL01$h1721
=CAT  \\$aBATCH-016$c20220622$lBLL01$h2155
=FMT  \\$a  BK
=LAS  \\$aBATCH-016$b00$c20220622$lBLL01$h2155
=SRC  \\$aNielsen Bookdata

