=LDR  00865cam a2200253zi 4500
=001  021116856
=003  Uk
=005  20230628222916.0
=008  230619s2023\\\\enk\\\\\\\\\\\000\0\eng\d
=020  \\$a9781803527888 (hbk.) :$c£25.00
=020  \\$a1803527889 (hbk.) :$c£25.00
=040  \\$aUK-WkNB$beng$cUK-WkNB$erda
=100  1\$aKenning, John,$eauthor.
=264  \1$aSevenoaks :$bIndependent Publishing Network,$c2023.
=264  \2$aGB :$bIndependent Publishing Network,$c[date of distribution not identified]
=300  \\$a274 pages ;$c21x15 cm
=366  \\$b20230603$cIP 20230619$jGB$kxxk$2UK-WkNB
=500  \\$aHardback.
=CAT  \\$aBATCH-CMLD$b00$c20230624$lBLL01$h1720
=CAT  \\$aBATCH-UPD$b00$c20230624$lBLL01$h1721
=CAT  \\$aBATCH-016$c20230628$lBLL01$h2229
=FMT  \\$a  BK
=LAS  \\$aBATCH-016$b00$c20230628$lBLL01$h2229
=SRC  \\$aNielsen Bookdata

