=LDR  00879cam a2200265zi 4500
=001  021142322
=003  Uk
=005  20230719220040.0
=008  230707s2023\\\\enk\\\\\\\\\\\000\0\eng\d
=020  \\$a9781803528878 (hbk.) :$c£16.50
=020  \\$a1803528877 (hbk.) :$c£16.50
=040  \\$aUK-WkNB$beng$cUK-WkNB$erda
=041  1\$aeng$hukr
=100  1\$a, ,$eauthor.
=264  \1$aSevenoaks :$bIndependent Publishing Network,$c2023.
=264  \2$aGB :$bIndependent Publishing Network,$c[date of distribution not identified]
=300  \\$a280 pages ;$c22x16 cm
=366  \\$b20230625$cIP 20230707$jGB$kxxk$2UK-WkNB
=500  \\$aHardback.
=CAT  \\$aBATCH-CMLD$b00$c20230715$lBLL01$h1720
=CAT  \\$aBATCH-UPD$b00$c20230715$lBLL01$h1721
=CAT  \\$aBATCH-016$c20230719$lBLL01$h2200
=FMT  \\$a  BK
=LAS  \\$aBATCH-016$b00$c20230719$lBLL01$h2200
=SRC  \\$aNielsen Bookdata

