=LDR  00812cam a2200241zi 4500
=001  021203652
=003  Uk
=005  20230913224500.0
=008  230901s2021\\\\enk\\\\\\\\\\\000\0\eng\d
=020  \\$a9780995665675 (pbk.) :$c£10.00
=020  \\$a0995665672 (pbk.) :$c£10.00
=040  \\$aUK-WkNB$beng$cUK-WkNB$erda
=100  1\$aAlhusaini, Sharif,$eauthor.
=264  \1$aLondon :$bSharif Alhusaini,$c2021.
=264  \2$aGB :$bSharif Alhusaini,$c[date of distribution not identified]
=366  \\$b20211201$cIP 20230901$jGB$kxxk$2UK-WkNB
=500  \\$aPaperback / softback.
=CAT  \\$aBATCH-CMLD$b00$c20230909$lBLL01$h1715
=CAT  \\$aBATCH-UPD$b00$c20230909$lBLL01$h1715
=CAT  \\$aBATCH-016$c20230913$lBLL01$h2245
=FMT  \\$a  BK
=LAS  \\$aBATCH-016$b00$c20230913$lBLL01$h2245
=SRC  \\$aNielsen Bookdata

