=LDR  00911cam a2200289zi 4500
=001  021220950
=003  Uk
=005  20230927224047.0
=008  230915s2023\\\\enk\\\\\\\\\\\000\0\eng\d
=020  \\$a9781916863002 (pbk.) :$13.00
=020  \\$a1916863000 (pbk.) :$13.00
=040  \\$aUK-WkNB$beng$cUK-WkNB$erda
=041  1\$aara$heng
=100  1\$aMr., ,$eauthor.
=264  \1$bANAWEEN BOOKS,$c2023.
=264  \2$aGB :$bNeelwafurat,$c[date of distribution not identified]
=300  \\$a103 pages ;$c24x17 cm
=366  \\$b20230912$cIP 20230915$jGB$kxxk$2UK-WkNB
=500  \\$aPaperback / softback.
=500  \\$aNo outer packaging.
=700  1\$aMr., ,$etranslator.
=CAT  \\$aBATCH-CMLD$b00$c20230923$lBLL01$h1715
=CAT  \\$aBATCH-UPD$b00$c20230923$lBLL01$h1719
=CAT  \\$aBATCH-016$c20230927$lBLL01$h2240
=FMT  \\$a  BK
=LAS  \\$aBATCH-016$b00$c20230927$lBLL01$h2240
=SRC  \\$aNielsen Bookdata

