=LDR  00817cam a2200253zi 4500
=001  021220954
=003  Uk
=005  20230927224047.0
=008  230915s2023\\\\enk\\\\\\\\\\\000\0\eng\d
=020  \\$a9781916863040 (pbk.) :$22.00
=020  \\$a1916863043 (pbk.) :$22.00
=040  \\$aUK-WkNB$beng$cUK-WkNB$erda
=100  1\$awriter, ,$eauthor.
=264  \1$bANAWEEN BOOKS,$c2023.
=264  \2$aGB :$bNeelwafurat,$c[date of distribution not identified]
=300  \\$a436 pages ;$c24x17 cm
=366  \\$b20230912$cIP 20230915$jGB$kxxk$2UK-WkNB
=500  \\$aPaperback / softback.
=CAT  \\$aBATCH-CMLD$b00$c20230923$lBLL01$h1715
=CAT  \\$aBATCH-UPD$b00$c20230923$lBLL01$h1719
=CAT  \\$aBATCH-016$c20230927$lBLL01$h2240
=FMT  \\$a  BK
=LAS  \\$aBATCH-016$b00$c20230927$lBLL01$h2240
=SRC  \\$aNielsen Bookdata

=LDR  00810nam a2200253zi 4500
=001  021251421
=003  Uk
=005  20231014171548.0
=008  231005s2023\\\\enk\\\\\\\\\\\000\0\eng\d
=016  7\$a021251421$2Uk
=020  \\$a9781916863064 (pbk.) :$14.00
=020  \\$a191686306X (pbk.) :$14.00
=040  \\$aUK-WkNB$beng$cUK-WkNB$erda
=264  \1$bANAWEEN BOOKS,$c2023.
=264  \2$aGB :$bNeelwafurat,$c[date of distribution not identified]
=300  \\$a288 pages ;$c24x17 cm
=366  \\$b20230930$cIP 20231005$jGB$kxxk$2UK-WkNB
=500  \\$aPaperback / softback.
=700  1\$aAl-Habashi, Abdullah,$eeditor.
=CAT  \\$aBATCH-CMLD$b00$c20231014$lBLL01$h1715
=CAT  \\$aBATCH-UPD$b00$c20231014$lBLL01$h1718
=FMT  \\$a  BK
=LAS  \\$aBATCH-UPD$b00$c20231014$lBLL01$h1718
=SRC  \\$aNielsen Bookdata

