=LDR  00822nam a2200253zi 4500
=001  021251422
=003  Uk
=005  20231014171548.0
=008  231005s2023\\\\enk\\\\\\\\\\\000\0\eng\d
=016  7\$a021251422$2Uk
=020  \\$a9781916863095 (pbk.) :$22.00
=020  \\$a1916863094 (pbk.) :$22.00
=040  \\$aUK-WkNB$beng$cUK-WkNB$erda
=100  1\$aBaydani, Dr.. Iman Muhammad Awad,$eauthor.
=264  \1$bANAWEEN BOOKS,$c2023.
=264  \2$aGB :$bNeelwafurat,$c[date of distribution not identified]
=300  \\$a444 pages ;$c24x17 cm
=366  \\$b20230930$cIP 20231005$jGB$kxxk$2UK-WkNB
=500  \\$aPaperback / softback.
=CAT  \\$aBATCH-CMLD$b00$c20231014$lBLL01$h1715
=CAT  \\$aBATCH-UPD$b00$c20231014$lBLL01$h1718
=FMT  \\$a  BK
=LAS  \\$aBATCH-UPD$b00$c20231014$lBLL01$h1718
=SRC  \\$aNielsen Bookdata

